1673 2768
727 292 745 321 9

125 385 247 416 adiuvit
264 385 301 422 Ἢ
339 388 442 416 cetera
478 395 558 425 pars,
596 385 679 425 quod
717 386 823 424 sciam,
859 386 963 416 adhuc
998 386 1117 416 inedita
1149 389 1203 416 est.
1230 386 1344 416 Omnia

125 442 201 472 haec
233 441 527 480 Hemsterhusiana,
560 451 641 482 quae
666 442 878 480 Wyttenbach
904 443 1021 472 amissa
1046 445 1211 482 putaverat
1227 440 1258 480 2),
1282 444 1343 472 iam

125 498 198 529 inde
223 497 261 528 ab
286 508 312 528 a,
341 498 421 528 1791
448 499 481 528 in
506 497 704 529 Bibliotheca
730 498 829 538 Lugd.
855 498 974 529 Batava
999 502 1087 529 erant
1102 497 1135 535 3),

170 554 206 584 In
243 554 479 585 Anecdotorum
515 554 713 585 Praefatione
738 554 813 585 Geel
840 555 940 585 multa
965 559 1072 585 narrat
1097 555 1134 585 de
1157 554 1222 584 le.
1247 554 1342 585 Hem—

125 611 276 641 sterhusii
308 611 423 653 studiis
455 614 485 641 et
517 611 668 641 doctrina.
694 611 868 652 Postquam
893 612 1041 651 exposuit
1065 621 1137 641 eum
1164 612 1343 651 posteriori-

125 667 185 698 bus
219 668 313 698 annis
352 677 413 697 non
452 667 589 708 amplius
621 668 740 708 linguis
766 667 982 707 orientalibus,
1007 668 1061 698 sed
1088 668 1191 698 solum
1217 667 1345 707 linguae

125 723 263 754 Graecae
286 726 316 754 et
340 723 470 754 Latinae
495 733 621 764 operam
647 724 782 762 dedisse,
807 724 934 754 disserit
958 724 996 754 de
1021 724 1164 754 eiusdem
1187 724 1219 753 in
1246 724 1343 764 scrip-

123 779 245 810 toribus
280 781 422 820 antiquis
459 780 600 820 legendis
636 784 666 811 et
690 780 821 811 edendis
847 781 898 811 via
922 790 957 811 ac
982 781 1111 811 ratione.
1138 780 1255 811 Fusius
1279 781 1344 821 agit

124 836 162 866 de
186 835 274 866 libris
296 836 478 866 adversaria
504 837 573 867 eius
599 836 848 875 continentibus,
873 846 955 877 quae
978 837 1027 867 vel
1049 846 1223 877 numquam
1247 837 1342 867 exsti—

123 893 198 923 tisse
235 892 283 923 vel
321 893 452 933 periisse
479 892 692 932 Wyttenbach
718 893 924 924 contenderat
936 892 968 930 4).
993 892 1141 933 Denique
1166 894 1342 933 quaeritur,

123 959 181 979 cur
212 950 260 979 vir
292 949 496 980 doctissimus
521 953 584 980 tam
611 959 711 990 pauca
736 950 822 990 prelo
848 950 1051 989 commiserit,
1076 949 1161 990 quod
1187 950 1344 990 imprimis

123 1005 329 1046 repetendum
368 1005 475 1036 Geelio
511 1006 637 1036 videtur
667 1016 708 1037 ex
733 1006 970 1037 Hemsterhusii
996 1007 1027 1036 in
1053 1006 1222 1036 scribendo
1247 1006 1342 1036 tardi-

122 1065 194 1100 tate,
218 1063 270 1092 cui
295 1062 380 1092 nuda
405 1065 570 1093 auctorum
597 1063 724 1093 nomina
750 1064 781 1093 in
808 1064 950 1103 margine
975 1072 1223 1093 commemorare
1248 1062 1339 1093 solito

122 1119 228 1148 omnia
265 1119 447 1149 testimonia
483 1119 521 1149 de
557 1129 639 1149 novo
670 1119 894 1159 perquirenda,
919 1119 1114 1159 pensitanda,
1139 1118 1342 1149 diiudicanda

126 1178 241 1214 essent,
265 1175 378 1206 deinde
403 1184 443 1206 ex
467 1185 513 1215 eo,
538 1176 622 1216 quod
650 1194 687 1198 —
716 1175 811 1206 verba
836 1179 912 1206 sunt
933 1175 1171 1215 Wyttenbacliii
1194 1194 1233 1197 -
1259 1185 1342 1215 „quo

127 1232 228 1272 magis
253 1234 354 1262 aetate
378 1232 648 1272 progrediebatur,
672 1242 708 1263 eo
733 1232 793 1263 sibi
819 1233 926 1263 minus
952 1233 984 1262 in
1010 1232 1109 1263 literis
1134 1232 1340 1272 inventisque

123 1289 190 1328 ipse
222 1289 290 1318 suis
323 1288 568 1327 satisfaciebat'',
599 1288 805 1329 quamobrem
834 1290 986 1328 „inventa
1010 1299 1068 1319 sua
1091 1289 1122 1319 in
1148 1291 1340 1319 commenta—

124 1345 180 1375 riis
205 1344 397 1385 premebat“.

166 1400 217 1431 Sic
250 1401 325 1432 Geel
359 1402 455 1432 vitam
485 1401 731 1441 Hemsterhusii,
754 1413 771 1433 a
796 1402 988 1433 Ruhnkenio
1013 1403 1172 1443 scriptam,
1196 1402 1288 1432 auxit
1311 1404 1342 1432 et

126 1457 287 1498 supplevit
302 1456 334 1496 ⁵).

155 1597 179 1627 1)
195 1597 232 1621 Cf.
254 1597 319 1621 Bibl.
339 1605 374 1621 cr.
396 1605 471 1629 nova,
491 1598 508 1629 1,
528 1606 551 1628 p.
571 1598 628 1622 262.

153 1636 180 1667 ⁶2)
196 1637 256 1661 Vita
276 1637 441 1667 Rutmkenii,
462 1646 484 1668 p.
503 1637 559 1662 132.

152 1676 180 1705 3)
198 1676 236 1701 Cf.
256 1677 352 1701 Anecd.
372 1677 456 1701 Praef.
476 1685 499 1708 p.
520 1678 559 1702 Vl.
580 1678 607 1701 In
629 1677 800 1708 praefatione,
819 1686 898 1709 quani
919 1679 1187 1702 Animadversionuin
1204 1679 1231 1702 iu
1247 1679 1340 1702 Lucia-

121 1723 185 1740 uum
205 1716 351 1746 Appendici
372 1717 553 1748 praemiserat,
572 1717 633 1741 Geel
653 1718 795 1748 scripserat
816 1719 892 1749 vulgo
912 1719 982 1742 credi
996 1718 1341 1742 Hemsterliusiischedulas

121 1756 163 1786 „in
184 1755 287 1779 cineres
305 1756 427 1780 abiisse''.
445 1756 517 1784 Quod
538 1764 631 1780 censor
651 1756 799 1781 Germanus
818 1758 853 1781 ita
874 1758 1013 1787 intellexit,
1033 1761 1060 1782 ut
1079 1758 1111 1781 de
1131 1758 1251 1781 incendio
1269 1758 1338 1787 eogi—

119 1797 196 1819 taret.
225 1796 309 1823 Quem
336 1796 397 1819 Geel
426 1796 453 1819 in
481 1796 579 1820 Anecd.
606 1796 690 1820 Praei.
710 1804 734 1827 p.
754 1797 773 1820 V
792 1800 817 1820 et
837 1797 869 1820 VI
890 1797 951 1821 facit
973 1798 1113 1821 certiorem
1131 1805 1159 1820 se
1178 1800 1242 1820 tunc
1262 1797 1339 1820 rerba

120 1835 316 1866 Wyttenbachii
346 1842 496 1866 usurpasse,
523 1836 621 1866 quibus
648 1844 700 1859 non
727 1836 897 1867 conflagratio
924 1837 1021 1867 aliqua,
1044 1837 1088 1860 sed
1108 1836 1215 1860 omnino
1234 1836 1340 1859 amissio

119 1874 234 1898 indicata
255 1877 332 1899 esset.

151 1913 178 1944 4)
198 1913 226 1937 ln
247 1913 354 1937 Ruhnk.
370 1914 429 1938 Vita
446 1922 470 1944 p.
488 1913 545 1938 131.
564 1914 619 1942 Qua
639 1915 671 1938 de
690 1922 718 1938 re
737 1915 799 1939 Geel
819 1917 854 1946 (p.
873 1916 919 1939 XX
939 1918 965 1939 et
984 1916 1043 1939 XXI
1062 1916 1124 1946 l.l.):
1144 1915 1250 1947 „Certos
1261 1915 1340 1938 nimi-

118 1959 178 1976 rum
204 1952 297 1976 habuit
318 1953 536 1978 Hemsterhusius
555 1954 775 1978 Adversariorum
794 1955 882 1985 libros,
903 1955 1031 1979 Historiae
1051 1956 1180 1986 gentium,
1200 1955 1338 1978 literarum

117 1995 143 2016 et
163 1992 352 2023 philosophiae,
372 1993 543 2024 Antiquitati,
562 1994 751 2024 Geographiae,
769 1994 954 2025 Mythologiae,
973 1995 1086 2025 aliisque
1105 1995 1239 2018 doetrinae
1259 2001 1340 2025 gene-

117 2031 190 2055 ribus
217 2032 370 2061 destinatos,
398 2033 467 2065 quod
497 2033 547 2056 nisi
573 2033 671 2064 integri
701 2036 754 2057 tres
779 2035 877 2057 serrati
898 2036 1070 2063 testarentur,
1088 2041 1118 2057 ex
1137 2035 1249 2057 aliorum
1270 2034 1338 2063 frag-

118 2071 215 2095 mentis
238 2072 368 2102 suspicari
388 2073 493 2096 liceret:
514 2073 623 2103 plurimi
643 2073 715 2096 enim
736 2081 883 2103 numquam
903 2074 1032 2104 compacti
1052 2081 1108 2097 esse
1129 2074 1265 2097 videntur:
1286 2072 1334 2096 hoc

117 2118 212 2141 nempe
231 2111 307 2135 modo
323 2111 408 2135 facilis
426 2114 482 2135 erat
503 2120 631 2135 novarum
653 2113 819 2143 plagularum
840 2113 957 2143 insertio,
977 2116 1001 2136 et
1022 2113 1182 2137 commodior
1197 2113 1335 2136 Hemster-

117 2150 192 2173 husio
220 2158 298 2181 usus;
324 2151 367 2174 sed
388 2152 449 2175 hinc
468 2159 574 2182 quoque
593 2152 692 2175 sactum
713 2159 815 2179 censen,
837 2155 866 2175 ut
885 2160 936 2176 non
955 2160 1046 2176 omnes
1064 2153 1101 2176 illi
1121 2152 1334 2176 adversariorum

117 2189 178 2213 libri
198 2189 347 2213 incolumes
364 2193 478 2214 aetatem
501 2191 637 2214 tulerint⁷'.

152 2229 335 2259 NVyttenbach,
356 2232 384 2253 ut
403 2229 485 2253 Geelii
506 2230 592 2254 verbis
613 2233 681 2259 utar,
700 2230 853 2254 coniectura
872 2231 1028 2255 ducebatur.

150 2267 176 2295 5)
197 2268 239 2291 Est
259 2268 386 2292 iudicium
406 2270 531 2299 censoris,
549 2270 625 2293 cuius
645 2277 739 2293 nomen
760 2277 810 2293 non
830 2270 984 2300 apparet,iu
997 2271 1166 2300 diario,quod
1180 2271 1335 2294 inscribitur

118 2307 200 2338 ¹¹¹Allg.
218 2307 283 2331 llnll.
302 2308 588 2340 Liteisstur-Zeituiig',
609 2316 641 2332 m.
654 2310 710 2332 lun.
728 2317 751 2332 a.
767 2308 846 2338 18263
867 2309 970 2340 Belgiee
990 2309 1122 2333 redditum
1142 2312 1181 2333 est
1200 2310 1227 2333 in
1244 2310 1337 2341 diario,
