1673 2768
161 739 228 781 DE
256 739 445 782 ιῙΑΟΟΒΟ
476 740 661 783 GEELIO
692 741 985 784 PHILOLOGO
1016 742 1261 785 CLASSICO

391 811 705 856 DISPUTATIO
734 813 1036 858 LITERARIA.

280 1044 753 1080 DISPUTATIONIS
790 1045 1148 1080 DISPOSITIO:

616 1147 799 1178 PRAEFATIO.
1107 1158 1134 1188 p.
1159 1158 1321 1179 X111.-XVI.

540 1240 647 1271 Saeuo
670 1240 694 1270 I.
720 1251 747 1280 p.
775 1241 889 1270 1—65.

283 1309 329 1340 De
353 1309 451 1340 Geelii
476 1309 624 1349 operibus
651 1309 835 1348 minoribus,
860 1319 940 1349 quae
965 1310 996 1339 in
1023 1310 1138 1340 studiis

484 1381 490 1386 ·
543 1366 683 1396 classicis
709 1368 883 1397 versantur.

106 1434 202 1462 CAPUT
223 1434 246 1461 1.
271 1444 297 1470 p.
325 1436 409 1461 1-8,

185 1491 266 1524 Quae
288 1500 378 1528 usque
400 1491 436 1519 ad
459 1501 484 1520 a.
507 1490 756 1520 MDCCCXXIII.
780 1491 815 1519 ab
839 1501 871 1519 eo
893 1492 951 1519 sint
972 1491 1066 1520 edita:
1264 1510 1307 1534 pag·

137 1550 149 1581 ἓ
168 1549 190 1574 1.
210 1550 273 1573 Kort
285 1549 405 1580 Overzigt
417 1557 465 1573 van
476 1550 527 1573 den
538 1550 607 1580 Loop
618 1550 664 1573 der
675 1549 820 1573 Grieksche
832 1549 1013 1573 Letterkunde
1023 1552 1049 1573 te
1061 1550 1227 1573 Alexandrie.
1254 1549 1320 1573 1-2

138 1596 150 1627 ἓ
169 1595 192 1619 ⁶2.
209 1595 341 1619 Theocriti
360 1595 482 1619 Carmina
500 1603 562 1619 cum
581 1595 718 1619 Veteribus
737 1594 849 1618 Scholiis
862 1613 1216 1619 ........
1254 1595 1320 1618 2-4

137 1642 149 1672 ἓ
168 1640 190 1665 3.
210 1641 398 1665 Levensschets
419 1648 467 1664 van
487 1641 515 1664 A.
535 1641 565 1665 H.
583 1641 610 1664 L.
631 1641 741 1669 Heeren,
761 1641 823 1664 door
843 1641 1004 1670 hemzelveu,
1024 1643 1060 1664 tot.
1079 1641 1220 1664 beterver-

211 1687 287 1710 stand
307 1687 388 1718 zijner
407 1686 549 1716 Schriften,
569 1687 752 1717 medegedeeld
761 1705 1215 1710 ..........
1305 1686 1320 1709 4

138 1733 150 1764 5
168 1732 191 1757 4.
211 1732 324 1756 Historia
343 1732 434 1756 critica
450 1732 643 1763 Sophistarurn,
660 1733 705 1763 qui
716 1732 831 1757 Socratis
841 1735 926 1756 aetate
937 1733 1050 1756 Athenis
1060 1732 1219 1757 floruerunt.
1254 1732 1320 1756 4-8

106 1809 201 1838 CAPUT
224 1809 263 1837 Il.
286 1819 313 1846 p.
337 1811 444 1837 8-16,

184 1867 297 1896 Inedita
324 1868 465 1906 quaedam
495 1869 710 1897 Hemsterhusii
740 1872 768 1897 et
790 1868 958 1897 Ruhnkenii
980 1879 997 1897 a
1019 1869 1119 1898 Geelio
1141 1869 1218 1898 inter

184 1931 209 1949 a.
232 1920 477 1950 MDCCCXXIV.
500 1924 528 1949 et
550 1931 574 1951 a.
597 1920 875 1951 MDCCCXXVIII.
899 1924 965 1949 sunt
986 1921 1080 1950 edita:

137 1980 150 2010 ἓ
168 1979 190 2003 1.
208 1987 232 2004 α.
251 1979 305 2003 Tib.
326 1979 519 2003 Hemsterhusii
539 1980 805 2004 Animadversiouum
825 1980 851 2004 in
870 1980 1018 2004 Lucianum
1034 1980 1180 2011 Appendix.

213 2024 234 2049 b.
254 2024 448 2048 Aneedotorum
468 2025 764 2049 Hemslerhusianorum
785 2033 843 2056 pars
865 2026 872 2048 l
877 2044 1200 2050 ........
1237 2025 1318 2050 8j14

137 2070 149 2101 ξ
167 2070 190 2094 2.
209 2070 314 2093 Davidis
332 2070 486 2094 Ruhnkenii
505 2071 607 2094 Scholia
627 2072 653 2094 iu
673 2070 793 2094 Suetonii
814 2071 880 2094 vitas
898 2071 1039 2095 Caesarum
1091 2090 1096 2095 .
1141 2090 1146 2095 .
1190 2090 1195 2095 .
1219 2071 1317 2095 14--16

105 2140 201 2168 CAPUT
222 2140 277 2169 ΙΙΙ.
304 2150 330 2177 p.
356 2141 482 2169 16-46.

184 2197 265 2230 Quae
288 2197 359 2227 Geel
380 2198 446 2226 inde
467 2199 502 2226 ab
525 2208 550 2226 a.
572 2197 817 2227 MDCCCXXIX.
842 2208 928 2236 opera
951 2199 1061 2226 minora
1083 2199 1205 2227 confece-

185 2250 231 2286 rit,
255 2250 380 2288 exceptis
405 2250 585 2287 „censuris’‘:

138 2308 150 2339 ἓ
168 2307 190 2332 1.
210 2307 309 2339 Polybii
329 2308 505 2332 Historiarum
523 2309 651 2339 Excerpta
673 2309 803 2339 Vaticana,
822 2309 848 2332 in
868 2309 944 2332 titulo
963 2309 993 2332 de
1013 2308 1174 2339 Sententiis;
1218 2309 1318 2335 16-19
