1673 2768
942 350 982 378 82

402 440 596 471 Affinitatem
635 451 706 472 vero
742 441 886 472 codicum
924 441 1054 471 definire
1087 450 1144 471 nec
1169 451 1263 471 suum
1288 451 1346 472 nec
1370 442 1477 482 magni
1505 451 1569 471 mo-

358 498 454 528 menti
492 499 614 538 putavit
650 497 734 528 Geel.
763 498 845 528 Audi
866 498 971 538 ipsum
997 507 1069 527 cum
1096 497 1194 528 Bakio
1220 497 1401 538 loquentem
1420 496 1457 535 ¹):
1487 497 1571 537 „Ex-

357 556 520 594 spectasne
557 556 592 584 ut
623 554 724 584 dicam
757 554 795 584 de
819 554 1003 594 genealogia
1029 554 1166 594 quadam
1194 564 1335 585 meorum
1361 554 1517 593 codicum,
1542 557 1572 585 et

356 609 473 641 fluctus
497 611 632 641 excitem
658 612 691 640 in
715 610 877 651 simpulo?
902 610 967 640 Nec
993 620 1103 641 omnes
1128 610 1240 641 Dionis
1262 610 1384 641 codices
1405 611 1571 641 consulere

356 668 452 707 potui,
484 677 541 698 nec
566 677 683 708 paucos
708 667 779 697 illos
804 667 842 697 ad
868 668 974 697 omnia
999 667 1095 697 huius
1120 668 1237 707 scripta
1261 667 1412 706 conferre,
1436 667 1571 707 ideoque

356 733 395 754 ne
419 725 538 754 tentavi
563 724 700 764 quidem⁷
726 724 810 764 quod
836 724 1051 764 nequicquam
1078 733 1127 754 me
1152 726 1377 764 suscepturum
1404 733 1472 754 esse
1493 725 1570 755 scie-

356 779 435 810 bam.
471 780 512 811 Et
548 791 642 821 quam
676 782 751 811 satis
776 783 892 810 certam
918 781 1082 811 scientiam
1107 781 1200 811 istius
1224 782 1437 821 consequetur
1460 790 1570 821 propa-

354 837 499 876 gationis,
535 838 590 877 qui
623 847 685 867 non
718 837 900 868 lustraverit
926 836 1148 877 Bibliothecas,
1173 847 1230 868 nec
1254 838 1322 868 suis
1346 838 1446 878 ipsius
1470 838 1571 868 oeulis

354 894 557 933 inquisiverit
581 894 696 923 ductus
722 893 895 933 literarum,
920 903 1051 933 errores,
1076 895 1192 924 omissa
1217 903 1386 925 exesorum
1402 893 1569 925 verborum

355 951 464 990 spatia,
501 951 630 980 omnino
667 950 812 980 librarios
847 951 934 990 ipsos
966 950 1173 990 cognoverit?
1197 960 1260 990 quo
1285 949 1391 981 labore
1415 950 1570 981 exhausto

354 1009 542 1047 repertoque
578 1007 626 1037 vel
664 1008 732 1047 ipso
767 1007 947 1047 archetypo,
983 1016 1077 1048 quem
1114 1009 1237 1046 vocant,
1273 1007 1321 1037 vel
1353 1007 1449 1037 huius
1481 1007 1570 1037 tenui

355 1063 491 1102 quadam
540 1064 678 1103 imagine
713 1063 900 1094 adumbrata
935 1073 975 1094 ex
1011 1063 1210 1104 reliquorum
1246 1063 1384 1102 indiciis,
1422 1063 1463 1094 sit
1498 1063 1571 1094 licet

353 1119 541 1159 legitimum,
578 1120 661 1160 quod
688 1119 801 1159 editur,
823 1119 970 1160 factaque
994 1121 1174 1160 progressio
1199 1120 1238 1150 ad
1264 1121 1439 1159 veritatem,
1463 1123 1568 1150 tamen

352 1185 462 1206 verum
490 1186 558 1207 esse
583 1186 646 1206 non
673 1177 771 1217 magis
795 1177 913 1214 credes,
938 1187 1043 1217 quam,
1068 1177 1093 1207 si
1119 1176 1251 1207 Homeri
1275 1176 1406 1207 formam
1432 1177 1569 1207 Aristar-

352 1232 460 1263 cheam
496 1234 626 1273 assequi
662 1233 817 1273 integram
853 1234 965 1274 possis,
1000 1234 1039 1264 iis
1075 1233 1202 1272 seculis,
1238 1243 1320 1273 quae
1343 1233 1474 1264 fuerunt
1497 1236 1569 1264 ante

351 1291 484 1319 aetatem
522 1289 787 1329 Alexandrinam,
824 1289 902 1319 nihil
938 1299 1031 1330 passa
1067 1290 1176 1320 divina
1200 1290 1339 1320 carmina
1363 1289 1569 1320 existimabis.

351 1345 421 1376 Non
455 1355 490 1376 eo
528 1346 585 1376 hoc
610 1346 690 1385 dico,
716 1346 805 1386 Baki,
831 1349 866 1376 ut
890 1349 1056 1377 stemmata
1080 1346 1226 1376 codicum
1251 1349 1282 1377 et
1305 1346 1427 1377 nobiles
1451 1345 1568 1377 abavos

350 1402 478 1441 rideam,
516 1403 563 1433 vel
589 1403 750 1433 detraham
775 1403 813 1433 de
838 1403 932 1433 laude
957 1403 1141 1441 industriae,
1168 1412 1248 1443 quae
1272 1403 1303 1432 in
1329 1403 1568 1433 accuratissima

350 1459 566 1499 exploratione
601 1462 824 1498 consumatur,
863 1460 917 1490 sed
954 1469 1007 1490 eos
1040 1460 1147 1490 mirari
1179 1460 1274 1498 soleo,
1298 1460 1353 1500 qui
1378 1460 1436 1490 hoc
1460 1459 1567 1490 labore

350 1516 426 1546 satis
449 1515 566 1546 factum
593 1519 713 1556 putant,
739 1526 801 1546 non
827 1516 897 1546 dico
922 1516 1051 1547 editoris
1076 1516 1188 1554 officio,
1203 1534 1245 1537 —-
1260 1516 1314 1556 qui
1337 1516 1385 1547 vel
1407 1517 1566 1557 angustis-

350 1573 447 1612 simis,
471 1574 497 1603 si
521 1572 657 1612 libuerit,
681 1573 799 1604 finibus
824 1582 857 1604 se
881 1572 1031 1612 tuebitur,
1051 1574 1144 1613 isque
1169 1574 1311 1603 meritam
1339 1572 1463 1603 laudem
1488 1572 1566 1603 obti-

349 1629 444 1668 nebit,
468 1631 495 1660 si
519 1630 721 1670 propaganda
746 1629 840 1660 verba
864 1630 1035 1670 scriptoris,
1057 1639 1130 1660 vera
1143 1639 1182 1660 an
1197 1630 1339 1668 mentita,
1352 1628 1391 1659 ab
1405 1630 1565 1670 opinionis

349 1684 478 1716 arbitrio
515 1686 722 1716 vindicaverit
757 1695 792 1716 ac
828 1689 978 1726 perpetua
1010 1687 1184 1716 muniverit
1215 1685 1402 1716 traditorum
1427 1687 1564 1716 auctori-

349 1744 421 1781 tate,
445 1760 487 1764 —
512 1742 567 1773 sed
602 1743 735 1773 rationis
770 1745 800 1773 et
836 1743 945 1773 iudicii
970 1742 1102 1783 legibus.
1128 1742 1275 1773 Veterem
1302 1742 1383 1772 hanc
1408 1743 1472 1773 scio
1497 1751 1566 1773 esse

349 1799 607 1838 controversiam,
631 1809 667 1829 ac
692 1808 816 1840 semper
840 1799 965 1830 futuros
989 1809 1129 1840 auguror
1142 1801 1172 1829 et
1185 1800 1240 1839 qui
1253 1799 1348 1830 taedii
1363 1799 1565 1839 impatientes

348 1855 545 1886 coniiciendo
583 1855 700 1886 mederi
736 1865 770 1886 se
806 1856 1076 1896 depravatissimis
1112 1858 1249 1896 sperent,
1272 1857 1328 1886 aut
1351 1865 1422 1886 cum
1448 1855 1565 1887 laboris

348 1913 525 1943 constantia
549 1913 746 1953 coniungant
771 1912 987 1943 incredibilem
1013 1913 1202 1943 traditorum
1227 1914 1433 1951 contemtum,
1456 1913 1487 1942 et
1500 1913 1565 1952 qui,

348 1969 427 1999 nihil
470 1969 613 2000 divinare
648 1979 748 2009 quum
786 1970 919 2010 possint,
956 1969 1056 2010 ipsam
1093 1969 1321 1999 divinationem
1358 1968 1564 2009 despiciant''.

391 2025 450 2056 Vel
487 2025 652 2056 meliorum
688 2025 840 2056 librorum
876 2026 1066 2057 lectionibus
1103 2044 1145 2047 -
1175 2025 1378 2056 librariorum
1412 2027 1563 2056 nimirum

348 2082 386 2112 ob
410 2082 535 2122 culpam
552 2080 577 2122 2)
604 2101 643 2104 —
669 2092 732 2112 non
755 2092 825 2113 raro
839 2083 881 2113 ita
895 2082 1017 2122 diffidit,
1032 2085 1066 2113 ut
1079 2082 1464 2113 abstinereaconiectura
1477 2082 1564 2121 nolit,

348 2140 495 2179 quamvis
530 2142 638 2179 postea
662 2138 853 2179 probabilem
881 2139 1047 2170 lectionem
1073 2148 1090 2169 e
1116 2139 1243 2170 meliore
1268 2138 1376 2169 codice
1399 2139 1562 2180 acceperit.

380 2255 390 2278 1
424 2255 506 2279 Praef.
532 2263 549 2278 i.
567 2255 623 2279 XII.
644 2263 655 2279 s
677 2275 681 2278 .

379 2255 406 2325 *ΖΞ
425 2294 493 2322 Quos
519 2263 632 2324 decusat,
657 2263 727 2325 (duod
756 2294 859 2318 hiatum
886 2294 1044 2318 sustulerint
1062 2295 1104 2325 (nd
1124 2302 1148 2324 p.
1167 2293 1242 2324 1951),
1261 2295 1378 2325 passim),
1397 2294 1465 2325 quod
1485 2302 1561 2318 casus

349 2334 508 2357 mutaverint
539 2334 580 2363 (ad
607 2342 630 2364 p.
658 2333 734 2361 ι21Οι1,
760 2334 841 2363 alias),
868 2334 936 2364 quod
957 2334 1033 2357 verba
1052 2334 1139 2364 aliqua
1159 2333 1321 2357 mutaverint
1339 2336 1384 2357 aut
1405 2333 1558 2358 induxerint

349 2373 391 2404 <ad
412 2381 434 2403 p.
453 2373 492 2403 50,
512 2372 581 2403 vzssa,
600 2372 672 2401 453³,
694 2373 768 2403 mni,
786 2374 870 2404 anas).
