1673 2768
705 334 744 363 77

118 424 182 455 bita
217 427 273 463 est,
305 427 372 455 tum
408 425 493 465 quod
526 424 679 456 Oobetum
704 426 908 465 neglegenter
931 425 1106 456 contulisse
1130 428 1220 466 putat
1245 426 1331 456 Vati-

117 490 232 511 canum
258 482 298 511 99
322 481 384 521 (V),
408 481 587 512 Palatinum
616 482 676 512 117
703 482 759 521 (P),
780 481 967 512 Urbinatem
993 483 1054 512 124
1067 482 1123 522 (U)
1142 481 1173 522 1),
1196 483 1333 523 denique

117 537 202 577 quod
226 536 414 577 Emperium
439 537 477 568 de
501 538 646 568 codicum
671 548 803 569 suorum
828 537 981 569 affinitate
1002 548 1063 568 non
1086 541 1170 569 recte
1196 539 1334 569 sensisse

116 592 236 623 iudicat
250 591 285 633 2).

160 650 309 680 Attamen
335 651 403 690 ipse
427 650 592 690 profitetur
617 648 642 690 3)
668 660 757 681 suam
783 650 952 681 editionem
977 651 1035 681 niti
1059 650 1219 691 „Emperii
1240 659 1333 691 opera

117 706 208 746 quasi
243 705 460 746 fundamento,
491 708 543 737 cui
576 710 605 737 et
629 707 774 737 codicum
797 707 997 747 quorundam
1024 716 1105 748 quos
1131 707 1234 737 denno
1259 716 1333 737 con-

116 762 220 793 sulere
262 772 324 792 non
369 764 530 803 potu(erit)
574 763 760 794 collationes
803 767 833 794 et
869 764 1009 794 virorum
1047 764 1211 794 doctorum
1248 763 1332 793 haud

116 828 232 859 paucas
268 818 403 860 debe(at)
441 820 647 859 coniecturas,
684 830 820 861 quorum
856 821 941 860 ipsas
973 820 1211 851 dissertationes
1247 820 1333 850 adire

116 875 363 916 supersed(erit).
389 875 528 906 Credidit
541 878 565 914 ⁴)
591 877 651 915 „de
676 877 801 907 illorum
827 877 859 917 (i.
874 886 898 907 e.
923 878 1064 907 virorum
1090 877 1264 915 doctorum,
1278 877 1333 916 qui

115 935 188 962 ante
221 932 392 963 editionem
425 932 647 973 Emperianam
672 933 871 964 emendando
895 932 990 963 Dioni
1015 943 1140 974 operam
1168 933 1333 971 dederunt)

115 988 307 1019 coniecturis
332 989 523 1029 plerumque
547 989 688 1030 Emperii
713 990 905 1029 testimonio,
929 999 1023 1030 quem
1038 990 1157 1030 insigni
1171 989 1333 1030 diligentia

116 1045 196 1074 hanc
220 1045 413 1085 provinciam
438 1045 677 1077 administrasse
701 1046 786 1084 (sibi)
810 1046 1023 1087 consta(ret)”.

160 1101 220 1132 Sed
244 1101 435 1142 Emperiana
460 1102 598 1133 editione
622 1103 765 1133 nondum
792 1112 898 1134 carere
923 1112 1102 1143 possumus.

160 1157 359 1199 Quamquam
397 1159 480 1189 enim
517 1160 656 1190 Arnimii
693 1160 787 1190 editio
833 1169 888 1198 „eo
925 1160 1064 1190 maxime
1106 1159 1243 1199 insignis
1275 1162 1332 1198 est,

116 1214 200 1254 quod
236 1214 398 1245 codicibus
434 1216 546 1245 nititur
582 1216 632 1246 via
668 1225 703 1246 ac
739 1216 860 1246 ratione
896 1216 1027 1256 digestis
1049 1218 1145 1256 atque
1170 1216 1332 1256 perpensis

115 1280 296 1312 magnaque
328 1281 369 1301 ex
405 1275 572 1312 parte....
604 1271 643 1302 ab
668 1273 736 1312 ipso
761 1272 880 1303 editore
904 1275 959 1302 aut
983 1273 1121 1312 primum
1147 1275 1201 1302 aut
1227 1271 1332 1302 denuo

118 1327 285 1368 diligenter
320 1327 464 1358 collatis'’
500 1332 529 1358 et
565 1327 678 1359 Dionis
709 1328 888 1359 emendatio
915 1328 1020 1367 „haud
1044 1338 1156 1369 parum
1181 1331 1330 1369 provecta

114 1387 178 1414 est:
214 1384 324 1414 multis
359 1385 443 1415 enim
479 1384 557 1415 locis
593 1385 642 1415 vel
666 1383 737 1419 ἕλκη
765 1384 958 1423 ἐσκιρρωμένκ
982 1384 1066 1415 felici
1092 1394 1188 1415 manu
1213 1388 1333 1424 sanata,

115 1440 190 1470 alibi
214 1440 336 1471 medela
361 1441 507 1471 incohata
531 1445 587 1471 ant
607 1441 741 1472 vulnera
762 1441 886 1472 occulta
899 1441 1010 1472 saltem
1025 1441 1146 1472 detecta
1160 1440 1284 1481 (sunt)''
1301 1442 1333 1480 5),

115 1500 217 1527 tamen
256 1498 287 1527 in
326 1506 362 1527 ea
391 1497 492 1527 multa
516 1498 633 1528 omissa
659 1500 744 1537 sunt,
769 1497 926 1538 multique
949 1499 1060 1528 insunt
1085 1507 1216 1528 errores.
1243 1496 1332 1534 Quae

114 1553 199 1584 haud
235 1563 305 1584 raro
341 1553 533 1594 Emperiana
567 1554 705 1585 editione
741 1554 854 1585 collata
878 1554 1041 1585 adduntur
1065 1557 1095 1585 et
1119 1555 1332 1595 corriguntur.

146 1724 174 1755 1)
192 1724 230 1749 Cf.
247 1724 360 1748 Arnimii
380 1724 455 1755 proll.
473 1732 497 1755 p
516 1724 780 1757 V11.V111.,XX11.·
801 1732 853 1755 qua
871 1724 903 1748 de
922 1732 949 1748 re
968 1732 1029 1749 cuin
1048 1732 1078 1748 eo
1096 1726 1227 1749 consentit
1245 1725 1331 1757 Βοιὼ)

114 1764 148 1788 ll.
168 1772 192 1794 p.
209 1763 233 1795 9,
251 1763 291 1795 96,
310 1765 391 1794 praef.
410 1772 432 1794 p
452 1764 493 1788 VI.

146 1802 173 1834 9)
192 1783 291 1834 Emper'
322 1804 411 1827 Dionis
445 1804 546 1827 codices
581 1803 670 1827 divisit
706 1803 732 1827 in
759 1804 824 1827 duas
852 1804 977 1827 familias:
1004 1804 1132 1827 familiam
1160 1804 1331 1835 VM—IIP(C)

114 1843 239 1873 praetulit
268 1843 383 1867 familiae
413 1844 445 1873 U;
473 1843 495 1867 si
523 1843 673 1874 discrepant
701 1843 791 1873 HP(C)
819 1851 833 1867 a
860 1843 917 1872 VM,
944 1851 995 1867 non
1024 1843 1143 1867 codicum
1172 1845 1333 1876 auctoritati,

113 1882 157 1905 sed
177 1882 272 1906 rationi
291 1883 439 1906 cedendum
459 1890 515 1906 esse
537 1883 639 1913 putavit
659 1883 704 1913 (cf.
714 1890 738 1913 p.
749 1881 817 1913 829).
830 1882 865 1905 De
876 1883 968 1906 Arnim
980 1885 1071 1906 contra
1082 1883 1209 1906 familiam
1222 1883 1332 1914 HPQCY)

114 1922 230 1952 praefert
251 1922 358 1946 familiis
377 1923 424 1946 VM
444 1925 469 1946 et
490 1923 524 1949 U;
544 1925 648 1946 tantuin
668 1923 688 1946 si
708 1922 879 1946 consentiunt
895 1922 943 1945 VM
963 1925 988 1945 et
1008 1922 1332 1952 UcontraHP‚ratione1n

113 1962 275 1992 sequendam
309 1964 383 1992 putat
411 1962 454 1992 (ef.
483 1962 557 1993 proll.
586 1970 610 1993 p.
639 1962 680 1986 111.
710 1965 735 1985 et
763 1961 911 1992 XXXVII).
937 1961 1025 1993 Sonny
1052 1965 1141 1986 autem
1169 1963 1283 1987 familiae
1311 1964 1331 1987 U

114 2002 261 2033 principem
278 2002 367 2025 locum
385 2001 508 2025 attribuit
527 2002 571 2033 (cf.
590 2003 624 2026 l.l.
643 2010 666 2033 p.
685 2001 737 2033 6⁴2).

146 2041 174 2073 3)
192 2042 269 2066 Proll.
288 2050 312 2073 p.
330 2041 372 2066 IV.

147 2081 173 2112 4)
192 2082 269 2106 Proll.
289 2089 312 2112 p.
330 2081 446 2106 XXXIX.

147 2121 173 2151 5)
192 2121 279 2152 Souny
306 2121 340 2145 l.l
367 2129 391 2152 p.
410 2121 465 2146 144.
492 2121 598 2145 Schmid
618 2121 698 2152 (apud
718 2122 813 2145 Pauls-
817 2122 944 2146 Wissowa
963 2128 985 2144 :³
1003 2120 1068 2144 190)
1088 2122 1137 2145 vol.
1157 2122 1184 2146 V.
1204 2122 1252 2146 col.
1271 2121 1331 2153 876)

114 2161 178 2184 haee
204 2161 321 2184 exhibet:
350 2161 416 2193 „Das
443 2161 515 2185 beste
543 2161 627 2185 leistet
655 2161 694 2185 bis
719 2161 782 2191 jetzt
807 2161 848 2184 die
877 2160 997 2191 Ausgabe
1023 2168 1072 2184 von
1093 2161 1123 2185 H.
1143 2169 1164 2185 v.
1185 2162 1286 2192 Arnim,
1305 2162 1331 2185 in

115 2200 229 2224 welcher
256 2201 329 2224 nieht
357 2208 408 2224 nur
435 2200 476 2224 die
505 2200 674 2231 Herstellung
701 2201 746 2224 des
773 2201 874 2229 Textes,
903 2200 1016 2223 sondern
1044 2200 1128 2224 durch
1154 2201 1258 2232 knappe
1277 2201 1331 2225 und

115 2240 242 2264 tress'ende
269 2240 479 2270 Anmerkungen
505 2240 541 2263 im
569 2240 715 2263 kritischen
744 2240 859 2270 Apparat
888 2239 940 2263 und
970 2239 1055 2263 durch
1080 2247 1132 2263 neu
1158 2241 1333 2272 angefertigte

114 2279 268 2310 griindliche
287 2280 338 2303 und
358 2279 486 2310 judicifise
505 2279 615 2309 Indices,
634 2279 702 2303 auch
721 2280 763 2303 die
782 2279 931 2309 Erklz'irnng
950 2279 995 2302 des
1015 2279 1042 2302 D.
1054 2279 1188 2303 erheblicb
1200 2280 1332 2310 gesordert

114 2319 220 2342 worden
240 2319 297 2342 ist''.
316 2319 353 2342 Cf.
380 2321 516 2350 praeterea
536 2319 707 2342 Herwerdeni
727 2319 856 2342 iudiciuin
872 2318 1048 2349 indiarii‚cui
1061 2326 1156 2343 nomen
1169 2319 1334 2351 „Museum“,

115 2359 163 2382 vol.
183 2358 201 2382 1.
222 2358 282 2381 fasc.
300 2357 341 2381 1⁶2.
