1673 2768
689 318 749 348 117

158 410 330 442 Occasione
364 410 467 442 oblata
504 429 543 433 —
579 411 713 441 fortasse
751 411 895 451 quaesita
912 408 936 451 ¹)
974 428 1014 433 —
1051 410 1148 441 Cobet
1172 411 1230 441 hoc
1256 411 1324 452 ipso

113 477 196 497 anno
236 467 318 497 1846
345 477 464 498 munus
489 467 634 508 adeptus,
657 468 708 497 cui
733 468 795 497 iam
821 467 943 497 dudum
968 467 1060 497 amici
1084 470 1179 507 atque
1202 468 1327 508 patroni

114 523 189 554 Geel
213 527 243 554 et
269 523 355 554 Bake
380 533 451 554 eum
479 524 721 563 destinaverant,
746 524 919 564 praemissa
943 524 976 553 in
1001 523 1073 553 libri
1097 524 1188 554 initio
1207 523 1326 564 praefa—

112 580 198 610 tione
229 583 299 620 post
330 579 429 611 Geelii
461 581 492 610 in
520 580 709 611 Phoenissas
735 580 999 611 commentarium
1028 579 1171 619 „Scholia
1195 581 1326 620 antiqua

111 637 145 666 in
182 636 343 677 Euripidis
378 636 566 677 Tragoedias
598 637 709 677 partim
735 636 853 667 inedita
877 637 990 677 partim
1017 636 1109 667 editis
1134 635 1326 676 integriora''

112 691 202 733 (inde
226 702 244 722 a
268 702 296 733 p.
323 693 384 722 251
412 702 515 733 usque
539 693 577 723 ad
602 703 630 733 p.
658 693 731 730 310)
757 693 855 723 edidit
870 690 909 733 2).

156 749 261 779 Amici
296 752 409 789 rogatu
441 748 538 779 Cobet
569 750 601 779 in
626 748 717 779 Italia
742 748 925 780 Phoenissis
950 758 1077 789 operam
1102 748 1246 779 dederat:
1274 748 1325 787 „ik

113 805 171 836 heb
196 805 234 835 de
257 805 449 836 Phoenissae
473 805 642 836 voorleden
664 806 733 845 jaar
755 805 864 846 geheel
888 805 1174 846 gecollationneerd
1195 805 1326 843 (zonder

112 861 180 892 veel
216 862 341 898 vrucht)
377 871 414 892 en
451 862 586 901 ettelijke
621 862 719 902 goede
751 862 869 892 scholia
893 871 968 902 erop
991 861 1156 902 gevonden
1182 871 1219 892 en
1245 861 1325 901 asge-

112 918 274 948 schreven.
299 917 335 948 Ik
360 918 462 948 zoude
488 928 506 948 u
533 918 578 948 dit
602 918 678 949 alles
703 918 885 957 toezenden,
909 918 1017 949 indien
1041 918 1073 948 ik
1098 918 1169 949 wist
1189 916 1323 959 hoe”³).

112 973 223 1004 Multis
251 974 321 1004 aliis
354 974 432 1004 locis
456 975 489 1004 in
515 973 624 1005 Cobeti
648 974 686 1004 ad
712 974 856 1005 Geelium
882 975 1028 1014 epistulis
1053 974 1091 1005 de
1115 983 1209 1014 opera
1232 973 1325 1004 Euri-

112 1030 177 1071 pidi
208 1031 342 1070 eiusque
373 1030 501 1060 scholiis
527 1030 598 1060 data
623 1031 739 1061 mentio
764 1029 805 1060 fit.
831 1029 988 1070 Persaepe
1011 1030 1138 1061 scholiis
1163 1030 1202 1060 ad
1224 1029 1325 1061 Phoe-

112 1087 270 1118 nissarum
307 1090 432 1117 textum
468 1086 695 1126 explicandum
731 1090 762 1117 et
793 1086 1026 1117 emendandum
1059 1086 1135 1117 Geel
1159 1096 1237 1117 usus
1261 1089 1324 1117 est:

112 1144 205 1174 cuius
230 1143 275 1174 rei
302 1143 357 1173 vix
383 1142 448 1173 ulla
471 1143 587 1183 pagina
611 1143 830 1173 testimonium
856 1152 920 1172 non
945 1142 1082 1183 praebet.

155 1199 230 1230 Iure
265 1199 341 1230 dicit
376 1209 410 1230 se
445 1200 615 1238 curavisse,
640 1202 796 1239 quantum
821 1200 968 1239 potuerit,
992 1202 1028 1230 ut
1051 1200 1194 1229 virorum
1219 1199 1323 1230 docto-

111 1266 182 1287 rum
220 1257 385 1296 opiniones
421 1255 459 1286 de
483 1255 668 1286 Phoenissis
693 1258 913 1296 cognosceret;
941 1255 999 1295 „de
1022 1255 1122 1295 aliis'’,
1146 1256 1189 1286 ita
1213 1257 1322 1296 pergit,

115 1322 216 1353 „quae
240 1313 444 1343 commentati
468 1316 553 1350 sunt,
579 1321 643 1342 non
669 1312 796 1352 quidem
822 1312 959 1353 neglexi,
983 1312 1039 1343 sed
1063 1313 1169 1343 minus
1183 1312 1326 1352 sollicite,

112 1370 236 1410 quoties
271 1370 438 1400 inventum
473 1369 602 1409 aliquod
638 1378 745 1399 meum
769 1372 881 1409 sponte
905 1372 1014 1399 natum
1039 1368 1245 1409 proferebam,
1269 1370 1325 1400 cir-

111 1424 343 1466 cumspexi”⁴).
380 1425 542 1466 Perpauca
578 1428 703 1456 tantum
740 1426 771 1455 in
808 1426 889 1456 hanc
924 1425 1025 1466 legem
1057 1428 1184 1466 peccata
1206 1426 1324 1456 inveni.

112 1482 168 1513 Vs.
206 1483 288 1512 1343
305 1481 331 1523 ⁵)
366 1485 493 1512 auctore
529 1481 757 1512 Valckenaerio
793 1491 810 1512 a
842 1481 950 1512 Geelio
982 1481 1119 1512 deletum
1145 1491 1214 1513 csse
1237 1485 1321 1513 recte

112 1542 219 1569 monet
255 1538 428 1569 Wecklein.
460 1537 540 1568 Miro
565 1547 670 1569 errore
696 1538 771 1569 Geel
795 1539 936 1579 neglexit
960 1538 1180 1569 Valckenaerii
1204 1539 1242 1569 de
1266 1539 1324 1569 hoc

112 1604 207 1626 versu
243 1595 432 1625 sententiam
471 1594 604 1633 („multo
640 1595 758 1625 rectius
782 1594 896 1626 fuisset
920 1595 1057 1625 omissus
1082 1604 1149 1626 meo
1174 1594 1324 1633 iudicio'⁷)

111 1651 229 1682 afferre.
265 1651 339 1682 Vss.
377 1651 438 1681 577
472 1654 502 1682 et
536 1651 621 1681 1215
645 1650 765 1682 Reiskii
789 1652 988 1682 coniecturas
1013 1650 1089 1682 Geel
1109 1652 1244 1683 iteravit.
1269 1650 1324 1682 Vs.

111 1708 175 1738 403
201 1718 217 1738 a
242 1707 470 1738 Valckenaerio
497 1707 653 1748 discrepat
676 1707 778 1738 fretus
802 1711 832 1738 et
856 1707 926 1738 aliis
950 1708 1147 1748 argumentis
1159 1710 1190 1738 et
1202 1708 1323 1748 eodem,

143 1903 167 1932 1)
186 1904 312 1933 Diarium,
337 1905 381 1928 cui
400 1911 496 1928 nomen
515 1907 553 1928 est
574 1904 753 1935 „Allgemeine
772 1904 905 1935 Zeitung·‘‚
923 1911 945 1929 a.
965 1903 1030 1927 1843
1049 1911 1084 1927 m.
1103 1904 1160 1928 Iun.
1180 1904 1322 1935 epistulam

111 1944 162 1967 iam
191 1943 287 1974 publici
318 1944 383 1967 iuris
411 1944 518 1973 fecerat,
545 1944 571 1967 in
599 1951 650 1976 qua
669 1944 780 1975 legitur:
801 1943 930 1975 „(Cobeti)
949 1943 1007 1967 hier
1026 1943 1072 1973 (sc.
1092 1943 1202 1974 Romae)
1220 1952 1323 1968 zusam-

111 1982 330 2013 mengebrachter
355 1983 483 2006 inedirter
509 1982 742 2014 Scholienapparat
760 1991 791 2007 zu
813 1983 952 2013 Euripides
971 1983 1019 2006 mit
1037 1982 1203 2006 zahlreichen
1223 1982 1322 2007 Stellen

111 2024 183 2045 sonst
203 2022 387 2045 unbekannter
406 2022 536 2046 Classiker
556 2023 620 2046 wird
639 2023 666 2046 in
685 2023 731 2046 der
750 2023 893 2053 Philologie
911 2023 969 2046 eine
990 2022 1172 2053 Erscheinung
1192 2023 1324 2047 werdeffss

144 2060 171 2090 2)
190 2061 225 2085 De
252 2061 341 2085 Coheti
370 2062 475 2085 scholiis
495 2065 527 2085 cs.
546 2062 641 2086 Nuberi
663 2062 739 2093 r,Vier
756 2062 960 2094 Tijdgenooteis
980 2069 1003 2092 p.
1022 2061 1086 2091 217;
1105 2062 1247 2093 „Zeitschiu
1265 2063 1282 2086 f.
1299 2062 1323 2086 d.

111 2101 476 2125 Allerthumswissensehast“
494 2109 516 2125 a.
535 2100 599 2125 1847
618 2102 664 2125 col.
684 2101 730 2125 861
750 2109 821 2133 sqq.;
838 2102 1035 2132 „Gottingische
1046 2101 1164 2132 gelehrte
1174 2102 1322 2132 Anzeigen''

110 2148 132 2163 a.
161 2140 223 2164 1847
250 2148 273 2170 p.
292 2140 468 2170 1537—1559;
489 2140 673 2171 „Philologus”
692 2148 714 2164 a.
732 2140 798 2164 1848
817 2149 840 2171 p.
859 2140 1004 2166 408—435:
1026 2140 1206 2172 „Jahrhucher
1226 2141 1242 2164 f.
1262 2142 1323 2165 Phi-

111 2179 219 2211 lologie''
239 2188 261 2205 a.
279 2180 344 2204 1849
362 2188 386 2211 p.
405 2179 544 2204 282-286.

144 2219 170 2249 3)
191 2220 318 2251 „Brieven
339 2227 386 2244 van
406 2219 485 2244 Cobet
505 2227 553 2243 aan
572 2219 650 2243 Geel''
670 2228 694 2250 p.
713 2218 772 2243 512.

144 2259 171 2289 4)
190 2259 274 2283 Praef.
291 2267 316 2290 p.
334 2259 388 2283 XII.

145 2298 171 2328 5)
190 2298 238 2322 Hic
256 2301 282 2322 et
300 2299 398 2329 ubique
417 2299 494 2322 laudo
512 2299 717 2322 Phoenissarum
736 2305 828 2322 versus
847 2298 994 2322 secundum
1014 2297 1163 2322 Nauckium
1182 2302 1206 2321 et
1226 2298 1322 2323 Weck-

112 2337 231 2362 leinium.
