1673 2768
851 298 911 327 144

271 388 377 419 affinia
402 392 508 420 essent
536 398 665 429 unaque
689 389 856 420 traditione
883 391 1070 428 niterentur,
1093 390 1225 421 eandem
1249 400 1315 421 rem
1340 393 1487 432 gravissi-

272 455 352 475 man]
391 446 487 476 variis
524 445 624 475 modis
661 446 806 485 traderet,
842 449 897 475 aut
931 450 992 475 tam
1027 446 1120 486 longe
1144 447 1304 477 recederet
1328 457 1345 477 a
1368 448 1488 488 pulcris

270 502 454 542 Sophocleis
496 502 616 541 (Antig.
664 503 737 538 134)
779 502 937 532 ἀντίτυποι
981 501 1061 532 δ’ἕπὶ
1102 505 1145 542 γᾷ
1182 502 1255 534 πέσε
1290 504 1488 539 mumma-6532*

271 556 416 595 πάμφορος
452 557 512 587 κτὲ.
550 557 664 588 Narrat
702 561 806 588 autern
844 559 983 589 nuncius
1014 559 1045 588 in
1073 558 1266 598 Phoenissis,
1292 564 1325 590 ut
1350 560 1488 591 librariis

270 614 379 653 placet,
416 614 536 644 deiecta
561 623 630 645 esse
655 624 693 644 ex
721 614 804 644 scala
831 614 921 652 χωρὶς
945 615 1088 650 sim-bima
1115 615 1251 656 Capanei
1277 627 1305 646 m
1321 626 1379 647 em
1395 617 1488 656 bra,

250 670 356 708 -μέλη,
393 671 553 709 nimirum,
590 680 670 711 quae
703 672 807 701 statim
842 671 938 710 addit,
963 681 1112 702 comas
1136 676 1166 703 et
1190 674 1486 713 sanguinem:

270 731 299 757 et
323 736 475 757 comae
512 727 640 767 quidem
678 726 716 761 εἰς
752 726 931 764 ”Ολυμπεν,
969 738 1162 768 quamquam
1201 738 1294 760 verus
1319 729 1488 770 Euripides

270 783 413 813 dicturus
449 787 515 814 erat
550 783 672 820 εὐρκνόν,
710 783 758 814 vel
794 784 898 814 simile
934 785 1003 814 eius
1040 785 1125 824 quod
1162 788 1209 815 est
1233 786 1264 815 in
1290 785 1398 826 Suppl.
1425 787 1487 816 533

268 839 387 874 ἀπῆλθε
413 841 531 876 πνεῦμκ
556 839 610 876 μὲν
637 839 707 877 πρὸς
730 839 836 878 κὶθέρκ,
863 840 895 870 τὸ
922 842 1009 876 minax
1034 840 1092 875 δ’ἐς
1115 845 1179 878 γῆν.
1207 840 1284 878 Quis
1306 848 1412 873 autem
1427 843 1487 873 ista

270 906 423 937 umquam
461 896 563 927 bonus
599 899 689 936 poeta
723 896 804 927 dixit
836 897 1033 927 membra
1057 899 1222 939 corporis?
1247 917 1287 921 —
1313 898 1489 930 Sumantur

269 962 422 983 comae
458 963 513 993 pro
549 953 714 990 crista,
753 953 865 991 audio;
895 972 931 975 —
959 963 1116 994 quaenam
1154 965 1228 985 vero
1265 955 1410 996 analogia
1441 958 1489 986 est

269 1010 382 1040 cristae
418 1013 448 1040 et
484 1010 675 1050 sanguinis?
712 1009 758 1040 Sit
783 1011 981 1050 sanguis
1013 1011 1191 1042 membrum
1227 1013 1378 1052 corporis,
1403 1011 1486 1052 quod

268 1063 350 1102 αῖμκ
388 1069 477 1096 vocet
512 1065 625 1096 Poeta:
654 1084 691 1087 —
718 1067 891 1106 sanguisne
928 1067 1060 1098 distillat
1095 1077 1135 1098 ex
1171 1077 1265 1099 carne
1301 1069 1413 1099 adusta
1437 1069 1487 1099 vel

268 1122 445 1162 flagrante?
482 1124 576 1162 coqui
613 1123 743 1153 meliora
780 1123 947 1153 docebunt.
980 1123 1078 1154 Porro
1111 1135 1140 1154 m
1157 1135 1206 1154 an
1223 1135 1271 1155 us
1296 1128 1325 1155 et
1350 1135 1487 1156 crura

268 1178 418 1219 discerpti
454 1178 591 1219 Capanei
628 1182 774 1209 rotantur
797 1189 852 1219 per
876 1182 991 1217 aerem,
1016 1181 1052 1215 ὡς
1078 1179 1212 1218 κύκλωμ’
1237 1180 1361 1217 Ἰξίςνσς.
1388 1181 1487 1222 Finge

267 1235 326 1266 tibi
361 1245 493 1265 manum
529 1234 669 1275 aliquam
707 1235 843 1266 turbone
874 1236 1047 1274 sublatam,
1081 1237 1244 1268 volvatur:
1271 1237 1349 1278 quid
1373 1237 1407 1268 in
1433 1237 1486 1268 illo

267 1295 356 1322 motu
382 1291 523 1322 similius
547 1290 608 1322 erit
633 1296 737 1322 motus
762 1291 900 1332 Ixionei,
923 1303 1019 1333 quam
1041 1293 1336 1325 cuiusvis?Finxit
1351 1304 1485 1333 „vanam

268 1347 459 1379 somniantis
496 1347 665 1389 speciem’'‚
698 1348 726 1379 si
750 1349 808 1379 hoc
833 1349 935 1380 voluit
959 1349 1140 1390 Euripides.
1166 1349 1267 1387 Quam
1293 1350 1386 1381 avide
1411 1351 1486 1382 haec

267 1404 436 1435 volitantia
472 1404 614 1435 membra
647 1404 825 1446 excepisset
857 1405 988 1445 Statius,
1013 1406 1071 1447 qui
1096 1417 1181 1437 nunc
1207 1407 1347 1448 prudens
1370 1407 1432 1438 fuit
1457 1411 1487 1438 et

267 1460 394 1492 sobrius
427 1471 501 1502 prae
526 1462 672 1502 exemplo
698 1472 774 1493 suo:
801 1468 835 1493 ut
859 1462 957 1493 mirer
982 1463 1040 1493 hoc
1065 1473 1127 1494 non
1153 1463 1328 1494 advertisse
1352 1463 1486 1495 Valcke-

267 1518 420 1556 naerium,
457 1518 515 1559 qui
550 1519 640 1549 docte
675 1519 840 1550 conferens
876 1519 1014 1551 Statium
1045 1519 1138 1551 Theb.
1163 1520 1203 1551 X.
1230 1521 1291 1551 922
1318 1531 1386 1561 sqq.
1411 1521 1485 1552 sub-

266 1575 346 1606 stitit
390 1575 423 1605 in
469 1575 565 1606 huius
610 1576 730 1607 verbis:
789 1576 966 1617 primae
1012 1577 1178 1618 fugere
1225 1577 1269 1608 in
1317 1578 1484 1610 nubila

266 1631 458 1662 cristae.
484 1632 604 1662 Verum
630 1632 753 1663 addidit
779 1632 894 1664 Poeta:
920 1637 961 1664 et
997 1633 1156 1674 clypei
1188 1633 1323 1674 niger
1357 1635 1485 1666 umbo

266 1687 411 1726 cadit,
436 1688 560 1729 reliqua
585 1699 644 1720 suo
668 1699 756 1720 more
780 1699 907 1720 ornans.
935 1690 1002 1720 Iam
1029 1689 1176 1720 videmur
1200 1690 1340 1731 aliquam
1364 1701 1484 1723 correc-

266 1744 387 1776 tionem
412 1749 534 1776 tentare
559 1755 666 1786 posse:
695 1746 800 1782 veluti,
827 1747 969 1787 neglecta
994 1757 1109 1787 pausa:

775 1803 808 1832 ἑκ
833 1802 864 1833 δέ
889 1802 1046 1840 κλιμάκων

442 1858 638 1896 ἐσφενδενῖιτο
664 1856 754 1897 χωρὶς
777 1859 920 1895 ἀλλήλων
946 1859 1030 1897 βέλει

442 1914 523 1952 κόρυς
547 1915 601 1952 μὲν
626 1915 666 1950 εἷς
692 1914 868 1953 ’Ὀλυμτι-σν9
893 1916 993 1954 κῖχμη
1020 1916 1090 1951 δἐἷς
1115 1916 1238 1955 χθόνκ”.

265 1969 461 2011 Hucusque:
494 1976 580 2003 totus
613 1972 702 2003 locus
727 1972 956 2004 describendus
982 1977 1057 2011 erat,
1083 1977 1145 2004 tam
1171 1973 1353 2014 sagacitatis
1379 1975 1481 2006 Geelii

264 2027 298 2058 in
343 2028 468 2059 mendis
512 2029 697 2069 detegendis
742 2039 838 2060 causa
883 2040 978 2070 quam
1015 2030 1053 2060 ob
1089 2030 1159 2061 eius
1196 2031 1383 2072 doctrinam,
1421 2033 1480 2064 ele-

264 2084 415 2125 gantiam,
451 2084 666 2116 festivitatem.
704 2085 886 2117 Mirandum
924 2096 1027 2127 neque
1063 2087 1257 2118 laudandum
1294 2087 1375 2118 mihi
1411 2088 1482 2130 qui-

266 2141 337 2172 dem
373 2142 508 2181 videtur,
545 2143 630 2183 quod
667 2142 742 2174 Geel
777 2142 946 2174 inventum
983 2153 1078 2174 suum
1110 2142 1143 2174 in
1178 2143 1239 2175 fine
1262 2144 1481 2177 annotationis

265 2197 398 2236 dimisit,
433 2197 489 2229 ubi
524 2208 581 2239 pro
617 2198 695 2236 μέλη
731 2198 874 2230 scribens
911 2199 986 2237 βέλη
1019 2201 1092 2239 (non
1119 2198 1217 2240 βέλει)
1243 2200 1388 2242 expungi
1414 2202 1483 2232 vult

266 2264 312 2284 vs.
351 2255 451 2285 1184:
490 2255 580 2292 κόμκι
616 2256 669 2292 μὲν
705 2255 745 2291 εἷς
770 2255 935 2294 ’Όλυμπ-ον
959 2263 1036 2296 κτλ.,
1060 2266 1155 2298 quem
1180 2266 1310 2287 versum
1337 2257 1479 2289 additum

265 2320 334 2341 esse
366 2315 458 2352 putat
482 2311 519 2342 ab
545 2312 661 2354 aliquo,
685 2313 741 2354 qui
767 2312 828 2343 iam
855 2315 1003 2354 corrupto
1028 2312 1106 2351 βέλη
1131 2312 1165 2343 in
1181 2312 1260 2350 μέλη
1275 2313 1481 2346 admiscuerit
