1673 2768
893 302 953 331 100

359 394 499 434 Apparet
531 396 637 424 autem
671 393 797 424 difficile
821 403 890 424 esse
915 393 953 423 ad
978 393 1189 432 efficiendum,
1213 393 1289 434 quid
1316 397 1349 424 ut
1372 394 1530 434 glossema

316 450 495 480 eiciendum
532 451 589 480 sit:
627 450 697 480 aliis
729 449 781 480 alii
807 449 863 479 hac
887 450 919 479 in
945 459 978 480 re
1003 449 1230 489 obloquuntur.
1254 449 1306 480 Sic
1330 450 1369 480 ad
1394 460 1422 490 p.
1450 450 1530 480 118c

316 515 355 536 ex
380 506 429 536 his
454 505 575 537 verbis:
603 505 654 540 τὴν
679 508 734 536 τῶν
760 508 879 536 πολλῶν
903 504 1038 537 Biduum.
1063 503 1083 535 ἃ
1108 505 1140 539 δὴ
1163 505 1214 535 κκὶ
1228 509 1288 540 τοῖς
1303 509 1426 540 πολλοῖς
1440 505 1529 536 ἐδόκει

317 561 390 593 Geel
426 563 630 602 posteriorem
667 565 785 602 partem
818 563 1022 602 oppugnavit,
1048 565 1102 592 aut
1127 565 1161 592 ut
1183 562 1340 602 glossema
1365 562 1528 593 delendam

315 622 369 648 aut
405 618 633 649 emendandam
668 627 737 649 esse
773 621 859 648 ratus
895 616 1057 659 (πκλοιιοῖς
1082 627 1137 658 pro
1163 621 1288 652 πολλοῖς
1311 618 1528 655 substituens).

316 673 420 705 Etiam
456 674 572 715 Emper
597 677 627 705 et
650 673 697 705 De
721 675 835 704 Arnim
863 673 956 704 verba
981 675 1072 704 uncis
1093 674 1302 713 incluserunt,
1327 675 1382 705 sed
1406 674 1528 705 Vahlen

315 730 347 760 id
380 730 447 761 fieri
480 732 580 761 vetuit
598 729 629 769 1).
661 730 711 760 Ad
745 741 772 770 p.
799 730 881 760 195b
907 730 1002 761 verba
1023 730 1170 768 Περικλέκ
1195 730 1224 760 δὲ
1249 730 1298 761 καὶ
1323 730 1411 761 αὐτὸν
1435 730 1529 761 λαθὼν

314 786 448 821 ἐποίησεν
484 789 536 825 (sc.
569 787 720 825 Phidias),
753 785 789 821 εἰς
812 790 916 824 mmm,
941 786 992 817 ἐπὶ
1016 791 1070 822 τῆς
1093 786 1225 821 ἀσπίδος
1250 791 1339 828 putat
1367 788 1418 826 „in
1444 797 1527 827 prae-

316 844 397 874 senti
432 843 500 874 loco
537 847 599 873 tam
636 844 736 874 otiosa
771 847 801 873 e't
836 844 1024 884 inepta...‚
1055 847 1090 874 ut
1122 844 1308 874 scholiastae
1333 844 1528 884 diligentiam

315 899 504 938 refera(n)t'’.
538 899 626 936 Quae
650 899 745 930 verba
769 909 874 940 neque
898 899 1014 940 Emper
1038 909 1095 930 nec
1120 899 1167 931 De
1191 901 1304 930 Arnim
1329 900 1528 931 excludenda

316 965 390 986 esse.
408 960 505 996 putat.
531 956 608 987 Item
635 956 673 986 ad
698 966 725 996 p.
754 956 847 995 134b,
872 956 966 995 661d,
990 956 1068 987 alios
1093 956 1186 987 locos.

359 1012 460 1043 Aliter
495 1022 528 1043 se
562 1021 612 1043 res
649 1012 753 1051 habet,
785 1013 811 1042 si
843 1012 968 1043 codices
993 1013 1096 1043 varias
1121 1013 1272 1043 lectiones
1296 1012 1453 1053 praebent.
1478 1013 1529 1043 Ad

315 1079 342 1109 p.
371 1069 454 1099 lOOd
480 1068 555 1099 Geel
580 1070 696 1109 optime
719 1069 878 1109 glossema
898 1070 1019 1099 notavit
1040 1070 1070 1099 in
1086 1069 1134 1100 his
1147 1069 1253 1100 verbis
1267 1069 1384 1100 codicis
1398 1068 1437 1099 G:
1453 1069 1526 1099 ἀλλ’

322 1122 394 1160 ἦσαν
430 1125 454 1155 οἱ
488 1125 614 1163 πατέρες
638 1126 718 1162 ἡμῶν
742 1124 880 1163 ἐλεύθεροι
905 1125 969 1162 μὲν.
994 1125 1119 1160 πένητες
1143 1125 1173 1156 δὲ
1199 1124 1304 1164 <mci
1329 1123 1417 1160 ἧττον
1442 1125 1527 1163 Tb>

315 1181 345 1211 οὐ
381 1185 477 1220 χεῖρον
510 1182 599 1218 ἡμῶν.
636 1181 751 1212 UBM
787 1183 938 1212 omittunt
972 1181 1022 1212 xxi
1059 1180 1146 1217 ἧττον
1181 1182 1229 1219 τός
1269 1182 1303 1220 Ρ,
1336 1183 1392 1222 qui
1421 1181 1528 1212 Geelio

314 1238 443 1278 ignotus
467 1237 536 1276 fuit,
562 1248 618 1278 pro
643 1237 673 1268 δὲ
698 1238 728 1268 οὐ
755 1241 851 1276 χεῖρον
876 1238 968 1269 habet
993 1238 1022 1268 δὲ
1047 1237 1097 1268 xxi
1122 1238 1180 1276 οὐχ
1205 1236 1291 1273 ἧττον
1312 1241 1342 1269 et
1362 1241 1525 1278 tamquam

315 1295 541 1325 correctionem
579 1294 667 1325 affert
702 1294 732 1324 οὐ
766 1298 880 1333 χεῖρονς
916 1295 1030 1335 reliqui
1063 1296 1131 1326 sine
1163 1294 1215 1325 κκί
1237 1295 1386 1335 praebent
1411 1294 1441 1324 δὲ
1466 1294 1523 1332 οὐχ

314 1348 402 1385 ἧττον
414 1349 445 1388 2).
483 1350 610 1391 Optimo
643 1352 712 1382 iure
744 1351 819 1382 Geel
851 1351 1042 1392 significavit
1073 1351 1167 1382 verba
1191 1349 1277 1386 ἧττον
1301 1351 1333 1381 τὸ
1357 1351 1474 1381 codicis
1499 1350 1521 1381 C

314 1409 432 1446 partem
458 1406 558 1438 fuisse
580 1407 790 1447 glossematis,
813 1408 846 1437 in
872 1417 935 1448 quo
960 1407 1171 1438 annotabatur
1195 1408 1354 1438 hominem
1368 1410 1522 1447 agrestem

314 1462 474 1493 locutione
505 1463 535 1493 οὐ
560 1466 656 1501 χεῖρον
681 1463 775 1500 (haud
802 1464 919 1501 minus)
945 1473 1038 1494 usum
1065 1473 1134 1494 esse
1158 1473 1213 1504 pro
1238 1464 1296 1501 οὐχ
1320 1461 1425 1501 ἧττονς
1451 1473 1522 1493 cum

315 1519 384 1549 UB
399 1519 430 1549 M
454 1520 551 1560 igitur
575 1529 644 1551 esse
668 1520 837 1560 legendum
863 1519 893 1550 δὲ
917 1520 948 1550 οὐ
973 1519 1077 1558 χεὶρον.
1098 1520 1216 1560 Emper
1236 1520 1379 1551 Geelium
1394 1523 1523 1551 secutus

314 1579 369 1615 est,
393 1585 457 1606 non
480 1577 526 1606 ita
551 1575 597 1607 De
621 1577 745 1616 Arnim,
770 1577 825 1617 qui
849 1577 880 1606 in
907 1579 998 1607 textu
1023 1576 1115 1607 habet
1142 1576 1171 1606 δὲ
1194 1576 1252 1615 οὐχ
1281 1574 1378 1612 ἧττον.

357 1685 528 1727 Reliquum
562 1689 617 1726 est,
641 1690 677 1717 ut
701 1687 856 1718 nonnulla
881 1687 920 1718 de
945 1687 1052 1718 Geelio
1077 1690 1174 1718 artem
1200 1688 1340 1718 criticam
1365 1688 1398 1718 in
1423 1687 1528 1718 verbis

312 1746 479 1774 exercente
515 1743 625 1774 dicam.
662 1743 729 1774 Iam
766 1747 858 1775 antea
873 1742 895 1781 ³)
928 1744 1066 1775 vidimus
1097 1754 1169 1775 eum
1195 1744 1275 1775 hanc
1300 1745 1377 1775 artis
1401 1745 1528 1775 criticae

312 1802 431 1839 partem
466 1809 551 1830 more
579 1801 734 1830 maiorum
767 1801 879 1831 ceteris
910 1801 1103 1831 antetulisse.
1135 1801 1270 1831 Textum
1303 1801 1525 1841 corrigendum

313 1858 411 1896 putat,
435 1857 461 1886 si
486 1856 570 1896 quod
591 1857 727 1887 traditur
748 1857 862 1887 bonam
888 1858 1076 1887 sententiam
1099 1867 1161 1888 non
1183 1857 1339 1897 praebeat,
1360 1858 1385 1888 si
1409 1857 1527 1888 Graece

312 1913 354 1942 ita
382 1922 444 1942 non
470 1912 602 1952 dicatur,
627 1914 653 1944 si
677 1923 696 1944 a
720 1912 832 1944 Dionis
855 1923 971 1954 genere
991 1913 1149 1944 scribendi
1174 1913 1348 1944 abhorreat.
1372 1913 1472 1944 Primi
1496 1917 1527 1945 et

345 2077 371 2106 1)
392 2077 419 2100 ln
438 2077 529 2107 diario,
549 2078 618 2108 quod
637 2078 792 2102 inscribitur
812 2078 962 2109 „Hermes”,
982 2079 1031 2103 vol.
1049 2079 1129 2103 XXX.
1148 2087 1171 2109 p.
1191 2078 1246 2103 363.

345 2116 371 2146 ζ2)
391 2117 475 2140 Editio
503 2117 659 2147 Emperiana
687 2119 834 2142 adhibenda
861 2121 900 2142 est
927 2119 957 2142 ad
985 2119 1158 2149 supplendam
1186 2119 1378 2148 Arnimianam,
1396 2127 1464 2150 quae
1482 2127 1525 2143 co-

312 2155 383 2179 dices
410 2159 514 2186 praeter
544 2157 658 2181 UBMP
685 2158 732 2181 hoc
759 2158 814 2181 loco
841 2165 893 2181 non
921 2158 1019 2182 attulit.
1047 2158 1082 2181 Ex
1111 2158 1223 2182 lectione
1250 2159 1347 2182 codicis
1374 2158 1392 2182 C
1418 2161 1525 2189 apparel

313 2195 384 2218 hunc
411 2196 527 2220 codicem
555 2204 606 2221 non
634 2205 743 2228 prorsus
772 2198 887 2228 pendere
915 2206 945 2221 ex
972 2198 1060 2222 codice
1087 2199 1114 2228 P,
1140 2199 1256 2222 codicem
1283 2198 1301 2222 C
1328 2198 1410 2229 igilur
1428 2198 1526 2222 iniuria

312 2234 343 2257 ab
369 2235 488 2259 Arnimio
515 2243 571 2260 esse
599 2237 750 2267 neglectum
778 2238 823 2268 (cs.
841 2237 929 2269 Sonny
948 2238 982 2262 l.l.
1002 2246 1024 2268 p.
1043 2237 1084 2267 32,
1101 2237 1153 2267 52).
1172 2238 1256 2261 Attuli
1275 2238 1347 2262 hunc
1366 2238 1453 2262 locum
1474 2238 1525 2261 iam

314 2282 337 2303 p.
356 2273 386 2296 78
405 2278 429 2297 el
449 2274 488 2299 96.

346 2313 372 2344 3)
391 2314 426 2337 Cf.
447 2314 575 2338 Set-tionis
596 2316 611 2339 Ι,
631 2324 654 2347 p.
674 2316 713 2339 18.
