1673 2768
699 346 739 375 65

158 438 258 475 Quem
296 449 313 469 a
361 439 443 468 1843
476 441 620 468 secutum
657 440 723 468 erat
748 448 837 478 opus,
862 438 946 478 quod
972 438 1155 468 inscribitur
1183 438 1326 479 „Euriph

114 495 168 527 des
202 496 386 526 restitutus:
424 495 491 526 sive
527 496 717 535 scriptorum
753 494 915 535 Euripidis
952 495 1136 535 ingeniique
1161 494 1327 534 censui·a'',

115 562 177 593 quo
201 551 351 592 Hartung
375 551 508 591 probare
532 553 665 581 conatus
690 553 755 581 erat
775 550 960 590 Euripidem
983 550 1131 581 omnibus
1145 550 1215 581 aliis
1229 552 1328 591 poetis

114 611 246 649 excepto
270 607 409 638 Homero
437 607 693 648 praeponendum
719 616 788 638 esse
812 610 842 637 et
855 606 1031 647 tragoedias
1045 609 1140 647 atque
1153 607 1328 647 fragmenta

114 666 183 696 eius
206 665 238 694 in
263 674 382 694 novum
408 664 550 695 ordinem
577 664 760 704 digesserat.

159 720 234 751 Geel
281 720 419 751 ostendit
461 720 634 760 Hartungii
682 720 869 750 sententiam
906 729 1035 760 prorsus
1072 722 1223 750 mutatam
1260 729 1328 750 esse

114 787 252 818 eumque
287 780 317 807 et
352 777 495 817 singulos
527 777 613 807 locos
645 779 675 807 et
699 779 780 807 totas
803 776 935 815 fabulas,
960 786 1041 816 quae
1065 777 1095 806 in
1122 777 1225 816 priore
1249 776 1328 805 libro

115 844 209 874 quam
256 833 532 864 vehementissime
574 835 820 873 oppugnaverat,
855 834 887 863 in
925 833 1022 863 altero
1059 842 1154 872 quam
1192 833 1329 862 maxime

115 890 269 930 laudasse,
295 890 429 930 priorem
456 890 644 920 sententiam
670 890 732 920 alto
757 889 883 920 silentio
907 892 1110 929 prementem.

160 946 293 978 Defendi
331 956 367 977 ea
414 947 513 987 magis
550 945 656 976 Geelio
692 946 811 986 placuit
847 955 941 986 quam
979 955 1015 976 ea
1050 946 1092 975 ita
1126 945 1259 984 laudari,
1296 947 1330 975 ut

119 1003 268 1042 „het....
294 1003 483 1033 vermoeden
509 1002 673 1042 ontstaa(t)
699 1002 751 1032 dat
777 1002 825 1042 hij,
850 1012 909 1032 aan
935 1002 987 1032 het
1001 1001 1095 1032 hoofd
1109 1011 1203 1032 eener
1216 1002 1330 1032 reactie

116 1063 207 1100 tegen
244 1059 282 1090 de
317 1059 346 1089 al
382 1062 412 1090 te
448 1059 516 1099 lage
541 1059 700 1099 schatting
725 1069 785 1088 van
812 1058 849 1089 de
873 1058 1115 1098 Euripidei'sche
1139 1059 1246 1098 poezij‚
1269 1058 1329 1097 zijn

118 1115 267 1146 verstand
303 1125 341 1146 en
366 1115 474 1146 smaak
499 1124 707 1155 verwrongen
732 1115 824 1153 heeft,
849 1125 899 1145 om
925 1115 1001 1145 alles
1025 1117 1055 1145 te
1080 1114 1229 1154 billijken,
1253 1114 1330 1145 zelfs

118 1175 179 1202 wat
215 1172 285 1203 hem
323 1181 455 1212 vroeger
490 1173 555 1202 niet
585 1172 694 1212 geheel
727 1171 844 1202 zonder
867 1171 962 1202 reden
989 1171 1178 1211 mishaagde.
1203 1170 1331 1201 Hieruit

118 1229 180 1259 laat
216 1229 283 1258 zioh
321 1228 508 1267 berekenen,
545 1228 673 1259 hoeveel
707 1228 992 1259 behoedzaamheid
1031 1237 1064 1258 er
1100 1228 1216 1268 noodig
1239 1229 1266 1258 is
1292 1227 1329 1267 bij

117 1286 170 1316 het
193 1285 281 1316 lezen
308 1295 368 1315 van
394 1285 453 1316 den
490 1284 749 1326 Euripides
784 1282 1121 1322 restitutus''1).

163 1341 369 1381 Wagenfeldi,
395 1341 430 1371 G.
454 1341 642 1380 Hermanni,
665 1340 867 1381 Altenburgii
892 1341 1046 1380 exemplis
1071 1343 1143 1371 ante
1164 1339 1293 1380 prolatis
1309 1338 1331 1377 2)

117 1407 153 1429 eo
178 1398 356 1437 adducitur,
381 1401 415 1428 ut
438 1398 545 1428 credat
568 1398 662 1428 etiam
684 1397 899 1437 Hartungium
917 1396 1134 1437 „Iphigeniam
1149 1397 1179 1426 in
1195 1395 1332 1427 Aulide'‘

118 1464 180 1484 non
230 1455 311 1485 serio
359 1455 534 1494 scripsisse,
584 1454 638 1485 sed
685 1464 811 1484 summa.
857 1463 915 1494 ope
961 1454 1084 1484 enisum
1133 1462 1202 1484 esse
1260 1462 1330 1491 „om

118 1511 156 1551 bij
193 1511 262 1550 tijds
299 1511 346 1541 uit
381 1511 440 1541 den
479 1520 547 1551 weg
582 1513 613 1540 te
645 1511 769 1540 ruimen
802 1512 863 1540 wat
887 1510 956 1540 hem
983 1509 1118 1540 beletten
1143 1509 1204 1539 kon
1230 1510 1330 1548 zijnen

118 1567 373 1608 Euripides
408 1567 675 1597 restitutus
713 1569 742 1597 te
773 1566 908 1597 leveren.
941 1565 990 1605 Hij
1017 1565 1099 1596 heeft
1124 1566 1250 1596 daartoe
1275 1575 1331 1596 een

119 1626 259 1663 systema
288 1633 346 1653 van
374 1623 620 1663 uitmonstering
642 1622 793 1663 gekozen,
817 1622 915 1653 welks
939 1624 1057 1652 natuur
1080 1622 1162 1662 hoog
1186 1631 1333 1661 zwanger

119 1689 157 1711 en
194 1679 331 1720 blijvend
368 1679 558 1710 vruchtbaar
592 1680 628 1718 is,
665 1688 703 1709 en
738 1678 814 1709 door
847 1688 923 1709 eene
948 1677 1124 1719 behendige
1147 1676 1251 1715 μαιείοι
1276 1687 1332 1708 een

120 1736 377 1767 onberekenbaar
422 1736 530 1767 kroost
572 1745 633 1766 van
677 1735 1002 1775 uitmonsteringetjes
1038 1737 1100 1765 met
1135 1735 1334 1775 groeikraoht

120 1793 351 1834 voortbrengen
389 1796 482 1832 moet,
515 1802 553 1823 en
589 1792 641 1823 het
674 1792 836 1823 criterium
873 1791 929 1822 der
959 1792 1055 1832 poezij
1080 1801 1141 1821 van
1166 1791 1334 1831 Euripides

120 1849 347 1880 verduisteren.
373 1873 379 1880 .
404 1874 410 1880 .
436 1873 442 1879 .
465 1849 647 1889 Tegenover
672 1848 746 1879 zulk
771 1857 847 1879 eene
871 1847 981 1878 critiek
1004 1850 1087 1878 moet
1107 1848 1145 1878 de
1166 1848 1334 1887 omzigtige

120 1915 158 1936 en
194 1906 312 1936 zonder
347 1905 692 1946 vocringenomenheid
726 1904 897 1945 gewaagde
920 1902 1067 1939 λθέτησις
1092 1904 1151 1934 den
1177 1904 1241 1934 lust
1265 1912 1333 1934 ver-

120 1962 220 1993 liezen
245 1972 294 1992 om
320 1963 378 1993 iets
403 1972 464 1992 van
488 1962 557 1992 zich
582 1964 611 1992 te
635 1962 718 1992 laten
740 1959 933 1992 vernemen''
948 1958 980 1997 3).

156 2214 183 2244 1)
202 2213 237 2237 1.1.
256 2221 279 2244 p.
297 2212 343 2236 461
364 2220 401 2243 sq.

156 2252 183 2283 2)
202 2253 236 2277 m.
264 2260 286 2283 p.
314 2252 452 2276 454—456.
480 2252 509 2275 In
534 2252 626 2281 diario⁷
644 2251 686 2274 cui
706 2258 800 2274 nomen
821 2251 867 2282 „de
886 2251 972 2278 Gids⁴'¹
991 2258 1012 2273 a.
1032 2249 1096 2273 1838
1116 2258 1139 2280 p.
1158 2249 1206 2273 344
1226 2249 1335 2273 eandem

123 2293 284 2316 sententiam
303 2292 354 2315 iam
373 2294 514 2323 aperuerat
531 2291 562 2315 de
584 2290 728 2314 Hermanni
747 2290 777 2313 ad
797 2290 957 2313 Creuzeruui
978 2289 1107 2320 epistulis,
1127 2289 1223 2319 quibus
1243 2289 1336 2319 ageba-

124 2335 169 2356 tur
183 2333 215 2356 de
231 2332 389 2363 mythologia
409 2331 559 2362 symbolica.

157 2371 184 2403 3)
203 2372 237 2395 l.l.
256 2379 279 2402 p.
298 2370 355 2395 461.

1221 2413 1237 2435 5
