<?xml version="1.0" encoding="UTF-8"?>
<!DOCTYPE html PUBLIC "-//W3C//DTD XHTML 1.0 Transitional//EN"
    "http://www.w3.org/TR/xhtml1/DTD/xhtml1-transitional.dtd">
<html xmlns="http://www.w3.org/1999/xhtml" xml:lang="en" lang="en">
 <head>
  <title>
</title>
<meta http-equiv="Content-Type" content="text/html;charset=utf-8" />
  <meta name='ocr-system' content='tesseract 3.04.00' />
  <meta name='ocr-capabilities' content='ocr_page ocr_carea ocr_par ocr_line ocrx_word'/>
</head>
<body>
  <div class='ocr_page' id='page_1' title='image "./dejacobogeelioph00wienuoft_0025.png"; bbox 0 0 1673 2768; ppageno 0'>
   <div class='ocr_carea' id='block_1_1' title="bbox 742 280 758 309">
    <p class='ocr_par' dir='ltr' id='par_1_1' title="bbox 742 280 758 309">
     <span class='ocr_line' id='line_1_1' title="bbox 742 280 758 309; baseline 0 0"><span class='ocrx_word' id='word_1_1' title='bbox 742 280 758 309; x_wconf 80' lang='lat'>7</span> 
     </span>
    </p>
   </div>
   <div class='ocr_carea' id='block_1_2' title="bbox 137 370 1355 1596">
    <p class='ocr_par' dir='ltr' id='par_1_2' title="bbox 137 370 1354 914">
     <span class='ocr_line' id='line_1_2' title="bbox 140 370 1352 414; baseline 0.004 -14"><span class='ocrx_word' id='word_1_2' title='bbox 140 370 252 410; x_wconf 89' lang='lat' dir='ltr'>Itaque</span> <span class='ocrx_word' id='word_1_3' title='bbox 288 371 450 401; x_wconf 81' lang='lat' dir='ltr'>lenissime</span> <span class='ocrx_word' id='word_1_4' title='bbox 485 371 553 409; x_wconf 86' lang='lat' dir='ltr'>tuli,</span> <span class='ocrx_word' id='word_1_5' title='bbox 590 371 673 411; x_wconf 88' lang='lat' dir='ltr'>quod</span> <span class='ocrx_word' id='word_1_6' title='bbox 710 381 728 401; x_wconf 94' lang='lat' dir='ltr'>a</span> <span class='ocrx_word' id='word_1_7' title='bbox 760 372 836 401; x_wconf 91' lang='lat' dir='ltr'>viris</span> <span class='ocrx_word' id='word_1_8' title='bbox 869 372 977 411; x_wconf 90' lang='lat' dir='ltr'>doctis,</span> <span class='ocrx_word' id='word_1_9' title='bbox 1004 372 1145 403; x_wconf 87' lang='lat' dir='ltr'>Platonis</span> <span class='ocrx_word' id='word_1_10' title='bbox 1171 376 1352 414; x_wconf 87' lang='lat' dir='ltr'>praesertim</span> 
     </span>
     <span class='ocr_line' id='line_1_3' title="bbox 139 425 1352 470; baseline 0.004 -14"><span class='ocrx_word' id='word_1_11' title='bbox 139 425 374 466; x_wconf 80' lang='lat' dir='ltr'>interpretibus,</span> <span class='ocrx_word' id='word_1_12' title='bbox 410 427 623 466; x_wconf 77' lang='lat' dir='ltr'>omittebatur,</span> <span class='ocrx_word' id='word_1_13' title='bbox 659 428 717 458; x_wconf 87' lang='lat' dir='ltr'>etsi</span> <span class='ocrx_word' id='word_1_14' title='bbox 754 429 861 458; x_wconf 84' lang='lat' dir='ltr'>mirari</span> <span class='ocrx_word' id='word_1_15' title='bbox 898 431 1049 468; x_wconf 88' lang='lat' dir='ltr'>poteram,</span> <span class='ocrx_word' id='word_1_16' title='bbox 1083 438 1122 460; x_wconf 89' lang='lat' dir='ltr'>ne</span> <span class='ocrx_word' id='word_1_17' title='bbox 1147 439 1199 460; x_wconf 88' lang='lat' dir='ltr'>eas</span> <span class='ocrx_word' id='word_1_18' title='bbox 1225 431 1352 470; x_wconf 88' lang='lat' dir='ltr'>quidem</span> 
     </span>
     <span class='ocr_line' id='line_1_4' title="bbox 139 482 1351 526; baseline 0.003 -14"><span class='ocrx_word' id='word_1_19' title='bbox 139 485 242 523; x_wconf 87' lang='lat' dir='ltr'>partes</span> <span class='ocrx_word' id='word_1_20' title='bbox 267 482 391 523; x_wconf 83' lang='lat' dir='ltr'>respici,</span> <span class='ocrx_word' id='word_1_21' title='bbox 417 492 499 523; x_wconf 86' lang='lat' dir='ltr'>quae</span> <span class='ocrx_word' id='word_1_22' title='bbox 524 482 625 514; x_wconf 86' lang='lat' dir='ltr'>bonae</span> <span class='ocrx_word' id='word_1_23' title='bbox 647 486 761 523; x_wconf 81' lang='lat' dir='ltr'>essent,</span> <span class='ocrx_word' id='word_1_24' title='bbox 786 483 987 524; x_wconf 87' lang='lat' dir='ltr'>conferrique</span> <span class='ocrx_word' id='word_1_25' title='bbox 1011 488 1214 516; x_wconf 88' lang='lat' dir='ltr'>mererentur.</span> <span class='ocrx_word' id='word_1_26' title='bbox 1239 485 1351 526; x_wconf 86' lang='lat' dir='ltr'>Super-</span> 
     </span>
     <span class='ocr_line' id='line_1_5' title="bbox 139 527 1353 582; baseline 0.002 -13"><span class='ocrx_word' id='word_1_27' title='bbox 139 541 204 570; x_wconf 88' lang='lat' dir='ltr'>erat</span> <span class='ocrx_word' id='word_1_28' title='bbox 239 542 273 569; x_wconf 88' lang='lat' dir='ltr'>ut</span> <span class='ocrx_word' id='word_1_29' title='bbox 309 527 435 579; x_wconf 88' lang='lat' dir='ltr'>operam</span> <span class='ocrx_word' id='word_1_30' title='bbox 468 539 560 569; x_wconf 88' lang='lat' dir='ltr'>istam</span> <span class='ocrx_word' id='word_1_31' title='bbox 594 542 738 570; x_wconf 81' lang='lat' dir='ltr'>retexere</span> <span class='ocrx_word' id='word_1_32' title='bbox 771 541 1007 580; x_wconf 82' lang='lat' dir='ltr'>constituerem,</span> <span class='ocrx_word' id='word_1_33' title='bbox 1030 542 1062 571; x_wconf 90' lang='lat' dir='ltr'>in</span> <span class='ocrx_word' id='word_1_34' title='bbox 1088 551 1150 581; x_wconf 82' lang='lat' dir='ltr'>qua</span> <span class='ocrx_word' id='word_1_35' title='bbox 1175 551 1230 582; x_wconf 88' lang='lat' dir='ltr'>spe</span> <span class='ocrx_word' id='word_1_36' title='bbox 1254 543 1353 573; x_wconf 88' lang='lat' dir='ltr'>incer-</span> 
     </span>
     <span class='ocr_line' id='line_1_6' title="bbox 138 595 1354 637; baseline 0.003 -12"><span class='ocrx_word' id='word_1_37' title='bbox 138 596 261 626; x_wconf 89' lang='lat' dir='ltr'>tissima</span> <span class='ocrx_word' id='word_1_38' title='bbox 297 595 487 635; x_wconf 86' lang='lat' dir='ltr'>reponebam</span> <span class='ocrx_word' id='word_1_39' title='bbox 524 596 620 626; x_wconf 88' lang='lat' dir='ltr'>huius</span> <span class='ocrx_word' id='word_1_40' title='bbox 658 596 819 627; x_wconf 84' lang='lat' dir='ltr'>molestiae</span> <span class='ocrx_word' id='word_1_41' title='bbox 851 596 1081 637; x_wconf 87' lang='lat' dir='ltr'>depulsionem,</span> <span class='ocrx_word' id='word_1_42' title='bbox 1115 597 1214 628; x_wconf 90' lang='lat' dir='ltr'>donec</span> <span class='ocrx_word' id='word_1_43' title='bbox 1240 599 1354 629; x_wconf 82' lang='lat' dir='ltr'>allatus</span> 
     </span>
     <span class='ocr_line' id='line_1_7' title="bbox 138 651 1353 694; baseline 0.002 -13"><span class='ocrx_word' id='word_1_44' title='bbox 138 652 271 682; x_wconf 86' lang='lat' dir='ltr'>nuntius</span> <span class='ocrx_word' id='word_1_45' title='bbox 307 654 353 682; x_wconf 87' lang='lat' dir='ltr'>est</span> <span class='ocrx_word' id='word_1_46' title='bbox 389 651 427 682; x_wconf 91' lang='lat' dir='ltr'>de</span> <span class='ocrx_word' id='word_1_47' title='bbox 463 651 735 683; x_wconf 85' lang='lat' dir='ltr'>Commentatione</span> <span class='ocrx_word' id='word_1_48' title='bbox 770 652 880 691; x_wconf 85' lang='lat' dir='ltr'>Fossii,</span> <span class='ocrx_word' id='word_1_49' title='bbox 913 654 1026 693; x_wconf 86' lang='lat' dir='ltr'>partim</span> <span class='ocrx_word' id='word_1_50' title='bbox 1058 654 1213 693; x_wconf 87' lang='lat' dir='ltr'>ingratus,</span> <span class='ocrx_word' id='word_1_51' title='bbox 1238 655 1353 694; x_wconf 88' lang='lat' dir='ltr'>partim</span> 
     </span>
     <span class='ocr_line' id='line_1_8' title="bbox 137 707 1351 750; baseline 0.002 -12"><span class='ocrx_word' id='word_1_52' title='bbox 137 708 308 739; x_wconf 88' lang='lat' dir='ltr'>iucundus.</span> <span class='ocrx_word' id='word_1_53' title='bbox 341 707 528 739; x_wconf 84' lang='lat' dir='ltr'>Poenitebat</span> <span class='ocrx_word' id='word_1_54' title='bbox 559 709 643 739; x_wconf 89' lang='lat' dir='ltr'>enim</span> <span class='ocrx_word' id='word_1_55' title='bbox 670 718 718 739; x_wconf 88' lang='lat' dir='ltr'>me</span> <span class='ocrx_word' id='word_1_56' title='bbox 743 709 906 740; x_wconf 88' lang='lat' dir='ltr'>distulisse</span> <span class='ocrx_word' id='word_1_57' title='bbox 931 710 1049 750; x_wconf 86' lang='lat' dir='ltr'>proprii</span> <span class='ocrx_word' id='word_1_58' title='bbox 1075 711 1177 750; x_wconf 90' lang='lat' dir='ltr'>operis</span> <span class='ocrx_word' id='word_1_59' title='bbox 1204 710 1351 741; x_wconf 87' lang='lat' dir='ltr'>emenda-</span> 
     </span>
     <span class='ocr_line' id='line_1_9' title="bbox 137 764 1351 807; baseline 0.002 -13"><span class='ocrx_word' id='word_1_60' title='bbox 137 766 271 803; x_wconf 75' lang='lat' dir='ltr'>tionem3</span> <span class='ocrx_word' id='word_1_61' title='bbox 302 764 460 804; x_wconf 86' lang='lat' dir='ltr'>quidquid</span> <span class='ocrx_word' id='word_1_62' title='bbox 485 767 589 795; x_wconf 86' lang='lat' dir='ltr'>tamen</span> <span class='ocrx_word' id='word_1_63' title='bbox 617 765 665 796; x_wconf 91' lang='lat' dir='ltr'>vel</span> <span class='ocrx_word' id='word_1_64' title='bbox 691 766 872 796; x_wconf 87' lang='lat' dir='ltr'>inchoatum</span> <span class='ocrx_word' id='word_1_65' title='bbox 899 766 950 796; x_wconf 89' lang='lat' dir='ltr'>vel</span> <span class='ocrx_word' id='word_1_66' title='bbox 976 776 1038 796; x_wconf 87' lang='lat' dir='ltr'>non</span> <span class='ocrx_word' id='word_1_67' title='bbox 1065 767 1141 797; x_wconf 85' lang='lat' dir='ltr'>satis</span> <span class='ocrx_word' id='word_1_68' title='bbox 1166 767 1351 807; x_wconf 78' lang='lat' dir='ltr'>explicitum</span> 
     </span>
     <span class='ocr_line' id='line_1_10' title="bbox 137 821 1354 863; baseline 0.002 -12"><span class='ocrx_word' id='word_1_69' title='bbox 137 821 348 861; x_wconf 85' lang='lat' dir='ltr'>reliquissem,</span> <span class='ocrx_word' id='word_1_70' title='bbox 369 821 401 851; x_wconf 87' lang='lat' dir='ltr'>id</span> <span class='ocrx_word' id='word_1_71' title='bbox 422 822 463 851; x_wconf 91' lang='lat' dir='ltr'>ita</span> <span class='ocrx_word' id='word_1_72' title='bbox 487 821 667 861; x_wconf 88' lang='lat' dir='ltr'>suppletum</span> <span class='ocrx_word' id='word_1_73' title='bbox 693 822 731 852; x_wconf 90' lang='lat' dir='ltr'>iri</span> <span class='ocrx_word' id='word_1_74' title='bbox 756 822 929 862; x_wconf 84' lang='lat' dir='ltr'>sperabam,</span> <span class='ocrx_word' id='word_1_75' title='bbox 955 825 989 852; x_wconf 89' lang='lat' dir='ltr'>ut</span> <span class='ocrx_word' id='word_1_76' title='bbox 1014 832 1101 853; x_wconf 86' lang='lat' dir='ltr'>meae</span> <span class='ocrx_word' id='word_1_77' title='bbox 1122 832 1234 863; x_wconf 86' lang='lat' dir='ltr'>operae</span> <span class='ocrx_word' id='word_1_78' title='bbox 1247 823 1354 863; x_wconf 89' lang='lat' dir='ltr'>aliqua</span> 
     </span>
     <span class='ocr_line' id='line_1_11' title="bbox 139 876 592 914; baseline -0.002 -7"><span class='ocrx_word' id='word_1_79' title='bbox 139 880 223 907; x_wconf 88' lang='lat' dir='ltr'>certe</span> <span class='ocrx_word' id='word_1_80' title='bbox 247 877 327 907; x_wconf 84' lang='lat' dir='ltr'>ratio</span> <span class='ocrx_word' id='word_1_81' title='bbox 353 876 544 907; x_wconf 79' lang='lat' dir='ltr'>duceretur&#39;’</span> <span class='ocrx_word' id='word_1_82' title='bbox 562 876 592 914; x_wconf 84' lang='lat'>¹).</span> 
     </span>
    </p>

    <p class='ocr_par' dir='ltr' id='par_1_3' title="bbox 137 932 1355 1134">
     <span class='ocr_line' id='line_1_12' title="bbox 182 932 1355 975; baseline 0.002 -12"><span class='ocrx_word' id='word_1_83' title='bbox 182 933 232 963; x_wconf 83' lang='lat' dir='ltr'>Ex</span> <span class='ocrx_word' id='word_1_84' title='bbox 268 934 316 972; x_wconf 87' lang='lat' dir='ltr'>iis,</span> <span class='ocrx_word' id='word_1_85' title='bbox 353 942 435 973; x_wconf 87' lang='lat' dir='ltr'>quae</span> <span class='ocrx_word' id='word_1_86' title='bbox 470 934 501 963; x_wconf 89' lang='lat' dir='ltr'>in</span> <span class='ocrx_word' id='word_1_87' title='bbox 538 933 600 964; x_wconf 80' lang='lat' dir='ltr'>tine</span> <span class='ocrx_word' id='word_1_88' title='bbox 637 932 782 964; x_wconf 81' lang='lat' dir='ltr'>Fossiun]</span> <span class='ocrx_word' id='word_1_89' title='bbox 816 937 922 965; x_wconf 88' lang='lat' dir='ltr'>monet</span> <span class='ocrx_word' id='word_1_90' title='bbox 955 937 1009 973; x_wconf 89' lang='lat' dir='ltr'>„ut</span> <span class='ocrx_word' id='word_1_91' title='bbox 1034 937 1155 965; x_wconf 85' lang='lat' dir='ltr'>ceteros</span> <span class='ocrx_word' id='word_1_92' title='bbox 1180 934 1355 975; x_wconf 82' lang='lat' dir='ltr'>Sophistas,</span> 
     </span>
     <span class='ocr_line' id='line_1_13' title="bbox 137 987 1353 1030; baseline 0.002 -11"><span class='ocrx_word' id='word_1_93' title='bbox 137 989 343 1030; x_wconf 81' lang='lat' dir='ltr'>Protagoram</span> <span class='ocrx_word' id='word_1_94' title='bbox 360 987 382 1028; x_wconf 80' lang='lat'>2)</span> <span class='ocrx_word' id='word_1_95' title='bbox 419 992 503 1019; x_wconf 86' lang='lat' dir='ltr'>certe</span> <span class='ocrx_word' id='word_1_96' title='bbox 537 992 567 1020; x_wconf 90' lang='lat' dir='ltr'>et</span> <span class='ocrx_word' id='word_1_97' title='bbox 602 989 775 1020; x_wconf 84' lang='lat' dir='ltr'>Prodicum</span> <span class='ocrx_word' id='word_1_98' title='bbox 812 991 908 1020; x_wconf 88' lang='lat' dir='ltr'>simili</span> <span class='ocrx_word' id='word_1_99' title='bbox 945 1000 1021 1021; x_wconf 85' lang='lat' dir='ltr'>cura</span> <span class='ocrx_word' id='word_1_100' title='bbox 1057 991 1169 1030; x_wconf 85' lang='lat' dir='ltr'>dignos</span> <span class='ocrx_word' id='word_1_101' title='bbox 1205 990 1353 1022; x_wconf 81' lang='lat' dir='ltr'>censeat’&#39;</span> 
     </span>
     <span class='ocr_line' id='line_1_14' title="bbox 137 1045 1352 1086; baseline 0.001 -10"><span class='ocrx_word' id='word_1_102' title='bbox 137 1045 228 1077; x_wconf 86' lang='lat' dir='ltr'>facile</span> <span class='ocrx_word' id='word_1_103' title='bbox 259 1045 416 1076; x_wconf 87' lang='lat' dir='ltr'>efficimus</span> <span class='ocrx_word' id='word_1_104' title='bbox 449 1046 561 1076; x_wconf 86' lang='lat' dir='ltr'>horum</span> <span class='ocrx_word' id='word_1_105' title='bbox 589 1048 672 1076; x_wconf 86' lang='lat' dir='ltr'>certe</span> <span class='ocrx_word' id='word_1_106' title='bbox 697 1046 916 1086; x_wconf 83' lang='lat' dir='ltr'>Sophistarum</span> <span class='ocrx_word' id='word_1_107' title='bbox 942 1048 1160 1077; x_wconf 78' lang='lat' dir='ltr'>tractationem</span> <span class='ocrx_word' id='word_1_108' title='bbox 1186 1057 1203 1077; x_wconf 90' lang='lat' dir='ltr'>a</span> <span class='ocrx_word' id='word_1_109' title='bbox 1227 1056 1261 1078; x_wconf 88' lang='lat' dir='ltr'>se</span> <span class='ocrx_word' id='word_1_110' title='bbox 1285 1050 1352 1078; x_wconf 90' lang='lat' dir='ltr'>tan-</span> 
     </span>
     <span class='ocr_line' id='line_1_15' title="bbox 138 1102 774 1134; baseline -0.002 0"><span class='ocrx_word' id='word_1_111' title='bbox 138 1106 205 1134; x_wconf 80' lang='lat' dir='ltr'>tum</span> <span class='ocrx_word' id='word_1_112' title='bbox 230 1103 410 1133; x_wconf 82' lang='lat' dir='ltr'>inchoatam</span> <span class='ocrx_word' id='word_1_113' title='bbox 437 1102 543 1133; x_wconf 90' lang='lat' dir='ltr'>Geelio</span> <span class='ocrx_word' id='word_1_114' title='bbox 569 1112 638 1133; x_wconf 84' lang='lat' dir='ltr'>esse</span> <span class='ocrx_word' id='word_1_115' title='bbox 663 1103 774 1133; x_wconf 90' lang='lat' dir='ltr'>visam.</span> 
     </span>
    </p>

    <p class='ocr_par' dir='ltr' id='par_1_4' title="bbox 137 1158 1355 1540">
     <span class='ocr_line' id='line_1_16' title="bbox 182 1158 1351 1200; baseline 0 -10"><span class='ocrx_word' id='word_1_116' title='bbox 182 1159 243 1190; x_wconf 85' lang='lat' dir='ltr'>Sed</span> <span class='ocrx_word' id='word_1_117' title='bbox 280 1160 341 1190; x_wconf 89' lang='lat' dir='ltr'>iam</span> <span class='ocrx_word' id='word_1_118' title='bbox 374 1160 451 1190; x_wconf 87' lang='lat' dir='ltr'>satis</span> <span class='ocrx_word' id='word_1_119' title='bbox 476 1162 523 1190; x_wconf 89' lang='lat' dir='ltr'>est</span> <span class='ocrx_word' id='word_1_120' title='bbox 549 1159 586 1190; x_wconf 88' lang='lat' dir='ltr'>de</span> <span class='ocrx_word' id='word_1_121' title='bbox 610 1159 752 1190; x_wconf 85' lang='lat' dir='ltr'>Historia</span> <span class='ocrx_word' id='word_1_122' title='bbox 776 1160 884 1190; x_wconf 82' lang='lat' dir='ltr'>critica</span> <span class='ocrx_word' id='word_1_123' title='bbox 909 1159 1139 1200; x_wconf 83' lang='lat' dir='ltr'>Sophistarum.</span> <span class='ocrx_word' id='word_1_124' title='bbox 1165 1158 1244 1196; x_wconf 82' lang='lat' dir='ltr'>Quis</span> <span class='ocrx_word' id='word_1_125' title='bbox 1268 1161 1351 1191; x_wconf 89' lang='lat' dir='ltr'>enim</span> 
     </span>
     <span class='ocr_line' id='line_1_17' title="bbox 138 1215 1351 1257; baseline -0.001 -10"><span class='ocrx_word' id='word_1_126' title='bbox 138 1218 301 1257; x_wconf 82' lang='lat' dir='ltr'>exspectet</span> <span class='ocrx_word' id='word_1_127' title='bbox 333 1226 382 1246; x_wconf 88' lang='lat' dir='ltr'>me</span> <span class='ocrx_word' id='word_1_128' title='bbox 406 1217 439 1246; x_wconf 90' lang='lat' dir='ltr'>in</span> <span class='ocrx_word' id='word_1_129' title='bbox 464 1215 563 1246; x_wconf 88' lang='lat' dir='ltr'>Geelii</span> <span class='ocrx_word' id='word_1_130' title='bbox 589 1215 739 1256; x_wconf 87' lang='lat' dir='ltr'>operibus</span> <span class='ocrx_word' id='word_1_131' title='bbox 764 1216 965 1247; x_wconf 86' lang='lat' dir='ltr'>recensendis</span> <span class='ocrx_word' id='word_1_132' title='bbox 991 1217 1221 1256; x_wconf 88' lang='lat' dir='ltr'>quaesiturum,</span> <span class='ocrx_word' id='word_1_133' title='bbox 1245 1219 1351 1247; x_wconf 88' lang='lat' dir='ltr'>utrum</span> 
     </span>
     <span class='ocr_line' id='line_1_18' title="bbox 138 1271 1353 1313; baseline 0.001 -10"><span class='ocrx_word' id='word_1_134' title='bbox 138 1272 295 1304; x_wconf 84' lang='lat' dir='ltr'>Prodicus</span> <span class='ocrx_word' id='word_1_135' title='bbox 333 1272 480 1313; x_wconf 84' lang='lat' dir='ltr'>Sophista</span> <span class='ocrx_word' id='word_1_136' title='bbox 510 1282 549 1302; x_wconf 90' lang='lat' dir='ltr'>an</span> <span class='ocrx_word' id='word_1_137' title='bbox 583 1272 721 1304; x_wconf 85' lang='lat' dir='ltr'>Socratis</span> <span class='ocrx_word' id='word_1_138' title='bbox 746 1273 866 1304; x_wconf 84' lang='lat' dir='ltr'>assecla</span> <span class='ocrx_word' id='word_1_139' title='bbox 889 1271 1040 1311; x_wconf 82' lang='lat' dir='ltr'>fuerit³);</span> <span class='ocrx_word' id='word_1_140' title='bbox 1066 1283 1142 1303; x_wconf 86' lang='lat' dir='ltr'>num</span> <span class='ocrx_word' id='word_1_141' title='bbox 1168 1272 1353 1304; x_wconf 81' lang='lat' dir='ltr'>Palamedes</span> 
     </span>
     <span class='ocr_line' id='line_1_19' title="bbox 138 1329 1355 1370; baseline 0 -10"><span class='ocrx_word' id='word_1_142' title='bbox 138 1339 267 1370; x_wconf 86' lang='lat' dir='ltr'>quoque</span> <span class='ocrx_word' id='word_1_143' title='bbox 292 1329 427 1370; x_wconf 83' lang='lat' dir='ltr'>Gorgiae</span> <span class='ocrx_word' id='word_1_144' title='bbox 452 1329 684 1360; x_wconf 86' lang='lat' dir='ltr'>abiudicandus</span> <span class='ocrx_word' id='word_1_145' title='bbox 709 1330 758 1369; x_wconf 86' lang='lat' dir='ltr'>sit,</span> <span class='ocrx_word' id='word_1_146' title='bbox 783 1329 868 1369; x_wconf 88' lang='lat' dir='ltr'>quod</span> <span class='ocrx_word' id='word_1_147' title='bbox 889 1332 1005 1370; x_wconf 80' lang='lat' dir='ltr'>negant</span> <span class='ocrx_word' id='word_1_148' title='bbox 1026 1329 1101 1360; x_wconf 90' lang='lat' dir='ltr'>Geel</span> <span class='ocrx_word' id='word_1_149' title='bbox 1115 1332 1145 1360; x_wconf 87' lang='lat' dir='ltr'>et</span> <span class='ocrx_word' id='word_1_150' title='bbox 1157 1329 1355 1370; x_wconf 76' lang='lat' dir='ltr'>Schonborn‚</span> 
     </span>
     <span class='ocr_line' id='line_1_20' title="bbox 137 1385 1352 1427; baseline -0.001 -10"><span class='ocrx_word' id='word_1_151' title='bbox 137 1387 227 1417; x_wconf 90' lang='lat' dir='ltr'>aiunt</span> <span class='ocrx_word' id='word_1_152' title='bbox 250 1386 338 1426; x_wconf 82' lang='lat' dir='ltr'>Foss,</span> <span class='ocrx_word' id='word_1_153' title='bbox 363 1386 509 1427; x_wconf 83' lang='lat' dir='ltr'>Spengel,</span> <span class='ocrx_word' id='word_1_154' title='bbox 532 1386 585 1416; x_wconf 88' lang='lat' dir='ltr'>alii</span> <span class='ocrx_word' id='word_1_155' title='bbox 600 1385 638 1424; x_wconf 67' lang='grc'>4);</span> <span class='ocrx_word' id='word_1_156' title='bbox 666 1389 761 1426; x_wconf 86' lang='lat' dir='ltr'>quota</span> <span class='ocrx_word' id='word_1_157' title='bbox 786 1396 857 1426; x_wconf 88' lang='lat' dir='ltr'>pars</span> <span class='ocrx_word' id='word_1_158' title='bbox 882 1386 941 1416; x_wconf 89' lang='lat' dir='ltr'>loci</span> <span class='ocrx_word' id='word_1_159' title='bbox 968 1386 1099 1417; x_wconf 86' lang='lat' dir='ltr'>Aristot.</span> <span class='ocrx_word' id='word_1_160' title='bbox 1120 1385 1256 1427; x_wconf 87' lang='lat' dir='ltr'>Metaph.</span> <span class='ocrx_word' id='word_1_161' title='bbox 1277 1385 1301 1416; x_wconf 91' lang='lat' dir='ltr'>I.</span> <span class='ocrx_word' id='word_1_162' title='bbox 1326 1387 1352 1417; x_wconf 92' lang='lat'>1.</span> 
     </span>
     <span class='ocr_line' id='line_1_21' title="bbox 139 1441 1350 1483; baseline 0 -10"><span class='ocrx_word' id='word_1_163' title='bbox 139 1444 199 1474; x_wconf 88' lang='grc'>981</span> <span class='ocrx_word' id='word_1_164' title='bbox 226 1453 244 1474; x_wconf 89' lang='lat' dir='ltr'>a</span> <span class='ocrx_word' id='word_1_165' title='bbox 269 1444 287 1473; x_wconf 88' lang='lat'><strong>3</strong></span> <span class='ocrx_word' id='word_1_166' title='bbox 313 1442 382 1473; x_wconf 90' lang='lat' dir='ltr'>Poli</span> <span class='ocrx_word' id='word_1_167' title='bbox 403 1443 577 1474; x_wconf 87' lang='lat' dir='ltr'>orationem</span> <span class='ocrx_word' id='word_1_168' title='bbox 602 1442 750 1483; x_wconf 85' lang='lat' dir='ltr'>praebeat</span> <span class='ocrx_word' id='word_1_169' title='bbox 764 1441 802 1481; x_wconf 82' lang='lat'>⁵);</span> <span class='ocrx_word' id='word_1_170' title='bbox 831 1445 938 1473; x_wconf 89' lang='lat' dir='ltr'>utrum</span> <span class='ocrx_word' id='word_1_171' title='bbox 964 1443 1068 1473; x_wconf 88' lang='lat' dir='ltr'>locum</span> <span class='ocrx_word' id='word_1_172' title='bbox 1094 1442 1235 1474; x_wconf 86' lang='lat' dir='ltr'>Platonis</span> <span class='ocrx_word' id='word_1_173' title='bbox 1257 1442 1350 1483; x_wconf 84' lang='lat' dir='ltr'>Gorg.</span> 
     </span>
     <span class='ocr_line' id='line_1_22' title="bbox 137 1498 802 1540; baseline -0.002 -10"><span class='ocrx_word' id='word_1_174' title='bbox 137 1500 199 1530; x_wconf 81' lang='lat'>461</span> <span class='ocrx_word' id='word_1_175' title='bbox 227 1499 249 1530; x_wconf 89' lang='lat' dir='ltr'>C</span> <span class='ocrx_word' id='word_1_176' title='bbox 271 1502 355 1531; x_wconf 88' lang='lat' dir='ltr'>recte</span> <span class='ocrx_word' id='word_1_177' title='bbox 380 1499 516 1540; x_wconf 80' lang='lat' dir='ltr'>explicet</span> <span class='ocrx_word' id='word_1_178' title='bbox 541 1499 616 1530; x_wconf 86' lang='lat' dir='ltr'>Geel</span> <span class='ocrx_word' id='word_1_179' title='bbox 640 1509 741 1530; x_wconf 87' lang='lat' dir='ltr'>necne</span> <span class='ocrx_word' id='word_1_180' title='bbox 755 1498 802 1538; x_wconf 61' lang='grc' dir='ltr'>ΕΠ</span> 
     </span>
    </p>

    <p class='ocr_par' dir='ltr' id='par_1_5' title="bbox 180 1556 1353 1596">
     <span class='ocr_line' id='line_1_23' title="bbox 180 1556 1353 1596; baseline -0.002 -8"><span class='ocrx_word' id='word_1_181' title='bbox 180 1556 213 1588; x_wconf 82' lang='lat' dir='ltr'>Si</span> <span class='ocrx_word' id='word_1_182' title='bbox 249 1557 326 1587; x_wconf 86' lang='lat' dir='ltr'>haec</span> <span class='ocrx_word' id='word_1_183' title='bbox 358 1556 497 1596; x_wconf 84' lang='lat' dir='ltr'>taliaque</span> <span class='ocrx_word' id='word_1_184' title='bbox 530 1556 687 1596; x_wconf 85' lang='lat' dir='ltr'>permulta</span> <span class='ocrx_word' id='word_1_185' title='bbox 712 1556 806 1596; x_wconf 83' lang='lat' dir='ltr'>longa</span> <span class='ocrx_word' id='word_1_186' title='bbox 830 1556 1044 1596; x_wconf 87' lang='lat' dir='ltr'>disputatione</span> <span class='ocrx_word' id='word_1_187' title='bbox 1070 1556 1214 1596; x_wconf 78' lang='lat' dir='ltr'>exposita</span> <span class='ocrx_word' id='word_1_188' title='bbox 1238 1558 1353 1595; x_wconf 88' lang='lat' dir='ltr'>essent,</span> 
     </span>
    </p>
   </div>
   <div class='ocr_carea' id='block_1_3' title="bbox 137 1733 1354 2319">
    <p class='ocr_par' dir='ltr' id='par_1_6' title="bbox 137 1733 1351 1804">
     <span class='ocr_line' id='line_1_24' title="bbox 137 1733 1351 1764; baseline -0.001 -4"><span class='ocrx_word' id='word_1_189' title='bbox 137 1736 175 1759; x_wconf 80' lang='lat' dir='ltr'>ad</span> <span class='ocrx_word' id='word_1_190' title='bbox 202 1735 369 1760; x_wconf 83' lang='lat' dir='ltr'>Callistli</span> <span class='ocrx_word' id='word_1_191' title='bbox 381 1742 444 1758; x_wconf 84' lang='lat' dir='ltr'>ene</span> <span class='ocrx_word' id='word_1_192' title='bbox 456 1742 481 1757; x_wconf 89' lang='lat' dir='ltr'>m</span> <span class='ocrx_word' id='word_1_193' title='bbox 507 1734 634 1757; x_wconf 76' lang='lat' dir='ltr'>lieriuner</span> <span class='ocrx_word' id='word_1_194' title='bbox 653 1734 676 1757; x_wconf 79' lang='lat' dir='ltr'>ik</span> <span class='ocrx_word' id='word_1_195' title='bbox 700 1733 743 1764; x_wconf 83' lang='lat' dir='ltr'>mij</span> <span class='ocrx_word' id='word_1_196' title='bbox 763 1734 806 1757; x_wconf 80' lang='lat' dir='ltr'>dat</span> <span class='ocrx_word' id='word_1_197' title='bbox 826 1733 859 1764; x_wconf 76' lang='lat' dir='ltr'>gij</span> <span class='ocrx_word' id='word_1_198' title='bbox 880 1736 932 1757; x_wconf 83' lang='lat' dir='ltr'>met</span> <span class='ocrx_word' id='word_1_199' title='bbox 952 1733 992 1757; x_wconf 84' lang='lat' dir='ltr'>die</span> <span class='ocrx_word' id='word_1_200' title='bbox 1011 1734 1132 1758; x_wconf 86' lang='lat' dir='ltr'>woorden</span> <span class='ocrx_word' id='word_1_201' title='bbox 1148 1734 1261 1758; x_wconf 80' lang='lat' dir='ltr'>schertst</span> <span class='ocrx_word' id='word_1_202' title='bbox 1279 1736 1305 1758; x_wconf 88' lang='lat' dir='ltr'>in</span> <span class='ocrx_word' id='word_1_203' title='bbox 1321 1735 1351 1759; x_wconf 89' lang='lat' dir='ltr'>de</span> 
     </span>
     <span class='ocr_line' id='line_1_25' title="bbox 138 1773 567 1804; baseline -0.007 -5"><span class='ocrx_word' id='word_1_204' title='bbox 138 1776 257 1799; x_wconf 86' lang='lat' dir='ltr'>recensie</span> <span class='ocrx_word' id='word_1_205' title='bbox 277 1782 325 1798; x_wconf 81' lang='lat' dir='ltr'>van</span> <span class='ocrx_word' id='word_1_206' title='bbox 346 1774 415 1798; x_wconf 79' lang='lat' dir='ltr'>Foss&#39;</span> <span class='ocrx_word' id='word_1_207' title='bbox 434 1773 567 1804; x_wconf 74' lang='lat' dir='ltr'>G01-gias&#39;’.</span> 
     </span>
    </p>

    <p class='ocr_par' dir='ltr' id='par_1_7' title="bbox 172 1813 419 1845">
     <span class='ocr_line' id='line_1_26' title="bbox 172 1813 419 1845; baseline -0.004 -7"><span class='ocrx_word' id='word_1_208' title='bbox 172 1815 198 1845; x_wconf 85' lang='lat'>1)</span> <span class='ocrx_word' id='word_1_209' title='bbox 216 1815 251 1838; x_wconf 89' lang='lat' dir='ltr'>l.l.</span> <span class='ocrx_word' id='word_1_210' title='bbox 271 1822 294 1845; x_wconf 84' lang='lat' dir='ltr'>p.</span> <span class='ocrx_word' id='word_1_211' title='bbox 314 1813 362 1838; x_wconf 80' lang='lat'>138</span> <span class='ocrx_word' id='word_1_212' title='bbox 381 1821 419 1844; x_wconf 74' lang='lat' dir='ltr'>sq.</span> 
     </span>
    </p>

    <p class='ocr_par' dir='ltr' id='par_1_8' title="bbox 138 1852 1354 2083">
     <span class='ocr_line' id='line_1_27' title="bbox 172 1852 1353 1884; baseline -0.001 -6"><span class='ocrx_word' id='word_1_213' title='bbox 172 1855 199 1878; x_wconf 95' lang='lat' dir='ltr'>D.</span> <span class='ocrx_word' id='word_1_214' title='bbox 216 1854 232 1877; x_wconf 88' lang='grc'><strong>9</strong></span> <span class='ocrx_word' id='word_1_215' title='bbox 251 1862 284 1878; x_wconf 85' lang='lat' dir='ltr'>m.</span> <span class='ocrx_word' id='word_1_216' title='bbox 306 1853 372 1878; x_wconf 85' lang='lat' dir='ltr'>lulii.</span> <span class='ocrx_word' id='word_1_217' title='bbox 389 1861 410 1876; x_wconf 85' lang='lat' dir='ltr'>a.</span> <span class='ocrx_word' id='word_1_218' title='bbox 430 1852 495 1876; x_wconf 62' lang='lat'><strong>1845»</strong></span> <span class='ocrx_word' id='word_1_219' title='bbox 514 1852 658 1876; x_wconf 75' lang='lat' dir='ltr'>Ritselielio</span> <span class='ocrx_word' id='word_1_220' title='bbox 677 1860 723 1875; x_wconf 82' lang='lat' dir='ltr'>suo</span> <span class='ocrx_word' id='word_1_221' title='bbox 742 1852 860 1882; x_wconf 75' lang='lat' dir='ltr'>scripsit:</span> <span class='ocrx_word' id='word_1_222' title='bbox 882 1852 984 1884; x_wconf 80' lang='lat' dir='ltr'>„Meine</span> <span class='ocrx_word' id='word_1_223' title='bbox 1003 1853 1129 1876; x_wconf 81' lang='lat' dir='ltr'>dummen</span> <span class='ocrx_word' id='word_1_224' title='bbox 1150 1853 1289 1883; x_wconf 81' lang='lat' dir='ltr'>Sophistcn</span> <span class='ocrx_word' id='word_1_225' title='bbox 1307 1854 1353 1877; x_wconf 88' lang='lat' dir='ltr'>lie-</span> 
     </span>
     <span class='ocr_line' id='line_1_28' title="bbox 138 1892 1353 1925; baseline -0.001 -7"><span class='ocrx_word' id='word_1_226' title='bbox 138 1902 187 1925; x_wconf 76' lang='lat' dir='ltr'>gen</span> <span class='ocrx_word' id='word_1_227' title='bbox 215 1894 265 1917; x_wconf 83' lang='lat' dir='ltr'>seit</span> <span class='ocrx_word' id='word_1_228' title='bbox 291 1893 323 1916; x_wconf 74' lang='lat'>25</span> <span class='ocrx_word' id='word_1_229' title='bbox 349 1893 446 1917; x_wconf 76' lang='lat' dir='ltr'>Jaliren</span> <span class='ocrx_word' id='word_1_230' title='bbox 474 1892 521 1916; x_wconf 73' lang='lat' dir='ltr'>auf</span> <span class='ocrx_word' id='word_1_231' title='bbox 545 1892 604 1915; x_wconf 78' lang='lat' dir='ltr'>dem</span> <span class='ocrx_word' id='word_1_232' title='bbox 629 1892 764 1919; x_wconf 82' lang='lat' dir='ltr'>Citheron,</span> <span class='ocrx_word' id='word_1_233' title='bbox 782 1892 831 1915; x_wconf 85' lang='lat' dir='ltr'>den</span> <span class='ocrx_word' id='word_1_234' title='bbox 852 1892 983 1920; x_wconf 55' lang='grc' dir='ltr'>ἐβρικὶλοις</span> <span class='ocrx_word' id='word_1_235' title='bbox 1001 1895 1157 1923; x_wconf 73' lang='lat' dir='ltr'>ausgesetzt.</span> <span class='ocrx_word' id='word_1_236' title='bbox 1179 1893 1263 1917; x_wconf 75' lang='lat' dir='ltr'>Wenu</span> <span class='ocrx_word' id='word_1_237' title='bbox 1282 1893 1353 1917; x_wconf 84' lang='lat' dir='ltr'>diese</span> 
     </span>
     <span class='ocr_line' id='line_1_29' title="bbox 138 1931 1353 1962; baseline -0.002 -5"><span class='ocrx_word' id='word_1_238' title='bbox 138 1934 220 1958; x_wconf 83' lang='lat' dir='ltr'>davon</span> <span class='ocrx_word' id='word_1_239' title='bbox 250 1934 360 1962; x_wconf 76' lang='lat' dir='ltr'>sressen,</span> <span class='ocrx_word' id='word_1_240' title='bbox 385 1932 438 1956; x_wconf 85' lang='lat' dir='ltr'>und</span> <span class='ocrx_word' id='word_1_241' title='bbox 459 1932 501 1955; x_wconf 80' lang='lat' dir='ltr'>ihr</span> <span class='ocrx_word' id='word_1_242' title='bbox 519 1933 581 1959; x_wconf 70' lang='grc' dir='ltr'><em>κόρος</em></span> <span class='ocrx_word' id='word_1_243' title='bbox 601 1932 661 1960; x_wconf 63' lang='grc' dir='ltr'><em>ὓβριν</em></span> <span class='ocrx_word' id='word_1_244' title='bbox 680 1931 763 1958; x_wconf 71' lang='grc' dir='ltr'>τίκτει,</span> <span class='ocrx_word' id='word_1_245' title='bbox 782 1931 842 1954; x_wconf 85' lang='lat' dir='ltr'>kein</span> <span class='ocrx_word' id='word_1_246' title='bbox 864 1931 996 1956; x_wconf 78' lang='lat' dir='ltr'>Wunder!</span> <span class='ocrx_word' id='word_1_247' title='bbox 1016 1931 1152 1955; x_wconf 75' lang='lat' dir='ltr'>Vielleicht</span> <span class='ocrx_word' id='word_1_248' title='bbox 1174 1932 1293 1955; x_wconf 82' lang='lat' dir='ltr'>schreibe</span> <span class='ocrx_word' id='word_1_249' title='bbox 1312 1933 1353 1956; x_wconf 82' lang='lat' dir='ltr'>ich</span> 
     </span>
     <span class='ocr_line' id='line_1_30' title="bbox 138 1971 1353 2002; baseline -0.003 -5"><span class='ocrx_word' id='word_1_250' title='bbox 138 1974 198 1997; x_wconf 83' lang='lat' dir='ltr'>deni</span> <span class='ocrx_word' id='word_1_251' title='bbox 218 1973 304 1997; x_wconf 80' lang='lat' dir='ltr'>Herru</span> <span class='ocrx_word' id='word_1_252' title='bbox 325 1972 383 1995; x_wconf 79' lang='lat' dir='ltr'>Frci</span> <span class='ocrx_word' id='word_1_253' title='bbox 404 1971 588 2002; x_wconf 76' lang='lat' dir='ltr'>(Quaestiones</span> <span class='ocrx_word' id='word_1_254' title='bbox 607 1971 788 2001; x_wconf 72' lang='lat' dir='ltr'>Protagorene,</span> <span class='ocrx_word' id='word_1_255' title='bbox 808 1971 923 2002; x_wconf 81' lang='lat' dir='ltr'>Bonnae,</span> <span class='ocrx_word' id='word_1_256' title='bbox 941 1979 963 1994; x_wconf 78' lang='lat' dir='ltr'>a.</span> <span class='ocrx_word' id='word_1_257' title='bbox 982 1971 1058 2000; x_wconf 69' lang='lat'>1845)</span> <span class='ocrx_word' id='word_1_258' title='bbox 1078 1971 1189 1994; x_wconf 81' lang='lat' dir='ltr'>einmnl:</span> <span class='ocrx_word' id='word_1_259' title='bbox 1210 1971 1300 2002; x_wconf 51' lang='lat' dir='ltr'>„fflipvg</span> <span class='ocrx_word' id='word_1_260' title='bbox 1319 1972 1353 2000; x_wconf 54' lang='lat' dir='ltr'>kp*</span> 
     </span>
     <span class='ocr_line' id='line_1_31' title="bbox 139 2010 1354 2041; baseline -0.002 -5"><span class='ocrx_word' id='word_1_261' title='bbox 139 2012 272 2041; x_wconf 61' lang='grc' dir='ltr'><em>ἐπώνυμο;”</em></span> <span class='ocrx_word' id='word_1_262' title='bbox 284 2012 306 2036; x_wconf 84' lang='grc'>”.</span> <span class='ocrx_word' id='word_1_263' title='bbox 325 2012 438 2041; x_wconf 74' lang='lat' dir='ltr'>(Harum</span> <span class='ocrx_word' id='word_1_264' title='bbox 458 2011 596 2034; x_wconf 77' lang='lat' dir='ltr'>literarum</span> <span class='ocrx_word' id='word_1_265' title='bbox 615 2010 750 2040; x_wconf 74' lang='lat' dir='ltr'>exemplar</span> <span class='ocrx_word' id='word_1_266' title='bbox 769 2013 919 2034; x_wconf 76' lang='lat' dir='ltr'>asservatur</span> <span class='ocrx_word' id='word_1_267' title='bbox 938 2011 964 2034; x_wconf 83' lang='lat' dir='ltr'>in</span> <span class='ocrx_word' id='word_1_268' title='bbox 985 2010 1090 2034; x_wconf 85' lang='lat' dir='ltr'>scriniis</span> <span class='ocrx_word' id='word_1_269' title='bbox 1109 2011 1239 2034; x_wconf 77' lang='lat' dir='ltr'>Praefecti</span> <span class='ocrx_word' id='word_1_270' title='bbox 1260 2011 1354 2035; x_wconf 88' lang='lat' dir='ltr'>Biblio-</span> 
     </span>
     <span class='ocr_line' id='line_1_32' title="bbox 139 2051 400 2083; baseline -0.008 -7"><span class='ocrx_word' id='word_1_271' title='bbox 139 2053 230 2076; x_wconf 82' lang='lat' dir='ltr'>thecae</span> <span class='ocrx_word' id='word_1_272' title='bbox 250 2052 312 2083; x_wconf 76' lang='lat' dir='ltr'>Lug.</span> <span class='ocrx_word' id='word_1_273' title='bbox 334 2051 400 2081; x_wconf 64' lang='grc' dir='ltr'>ΒΜ.)</span> 
     </span>
    </p>

    <p class='ocr_par' dir='ltr' id='par_1_9' title="bbox 140 2089 1354 2162">
     <span class='ocr_line' id='line_1_33' title="bbox 170 2089 1354 2122; baseline -0.002 -7"><span class='ocrx_word' id='word_1_274' title='bbox 170 2091 196 2122; x_wconf 74' lang='lat'>2)</span> <span class='ocrx_word' id='word_1_275' title='bbox 214 2091 252 2115; x_wconf 85' lang='lat' dir='ltr'>Cs.</span> <span class='ocrx_word' id='word_1_276' title='bbox 270 2091 353 2114; x_wconf 82' lang='lat' dir='ltr'>Zeller</span> <span class='ocrx_word' id='word_1_277' title='bbox 372 2090 405 2114; x_wconf 28' lang='lat' dir='ltr'>lil.</span> <span class='ocrx_word' id='word_1_278' title='bbox 424 2097 448 2120; x_wconf 82' lang='lat' dir='ltr'>p.</span> <span class='ocrx_word' id='word_1_279' title='bbox 466 2089 530 2113; x_wconf 72' lang='lat'><strong>943:</strong></span> <span class='ocrx_word' id='word_1_280' title='bbox 553 2097 617 2120; x_wconf 82' lang='lat' dir='ltr'>„von</span> <span class='ocrx_word' id='word_1_281' title='bbox 637 2089 688 2112; x_wconf 82' lang='lat' dir='ltr'>den</span> <span class='ocrx_word' id='word_1_282' title='bbox 709 2089 846 2113; x_wconf 76' lang='lat' dir='ltr'>Friilieren</span> <span class='ocrx_word' id='word_1_283' title='bbox 867 2089 899 2112; x_wconf 77' lang='lat' dir='ltr'>ist</span> <span class='ocrx_word' id='word_1_284' title='bbox 918 2089 980 2113; x_wconf 84' lang='lat' dir='ltr'>Geel</span> <span class='ocrx_word' id='word_1_285' title='bbox 1000 2090 1060 2114; x_wconf 69' lang='lat' dir='ltr'>hisi.</span> <span class='ocrx_word' id='word_1_286' title='bbox 1079 2090 1279 2121; x_wconf 75' lang='lat' dir='ltr'>c1·it.Soph.(de</span> <span class='ocrx_word' id='word_1_287' title='bbox 1291 2090 1354 2114; x_wconf 89' lang='lat' dir='ltr'>Pro-</span> 
     </span>
     <span class='ocr_line' id='line_1_34' title="bbox 140 2129 477 2162; baseline -0.006 -7"><span class='ocrx_word' id='word_1_288' title='bbox 140 2132 241 2162; x_wconf 81' lang='lat' dir='ltr'>tagora)</span> <span class='ocrx_word' id='word_1_289' title='bbox 261 2129 477 2154; x_wconf 77' lang='lat' dir='ltr'>1111bedeutend⁷&#39;.</span> 
     </span>
    </p>

    <p class='ocr_par' dir='ltr' id='par_1_10' title="bbox 173 2167 545 2201">
     <span class='ocr_line' id='line_1_35' title="bbox 173 2167 545 2201; baseline -0.008 -7"><span class='ocrx_word' id='word_1_290' title='bbox 173 2170 201 2201; x_wconf 88' lang='lat'>3)</span> <span class='ocrx_word' id='word_1_291' title='bbox 218 2170 256 2194; x_wconf 83' lang='lat' dir='ltr'>Cf.</span> <span class='ocrx_word' id='word_1_292' title='bbox 275 2170 358 2193; x_wconf 89' lang='lat' dir='ltr'>Zeller</span> <span class='ocrx_word' id='word_1_293' title='bbox 377 2169 410 2193; x_wconf 90' lang='lat' dir='ltr'>l.l.</span> <span class='ocrx_word' id='word_1_294' title='bbox 430 2177 454 2199; x_wconf 89' lang='lat' dir='ltr'>p.</span> <span class='ocrx_word' id='word_1_295' title='bbox 473 2167 545 2192; x_wconf 69' lang='lat'>1028.</span> 
     </span>
    </p>

    <p class='ocr_par' dir='ltr' id='par_1_11' title="bbox 173 2208 472 2239">
     <span class='ocr_line' id='line_1_36' title="bbox 173 2208 472 2239; baseline 0 -6"><span class='ocrx_word' id='word_1_296' title='bbox 173 2209 199 2239; x_wconf 82' lang='lat'>4)</span> <span class='ocrx_word' id='word_1_297' title='bbox 219 2209 302 2233; x_wconf 86' lang='lat' dir='ltr'>Zeller</span> <span class='ocrx_word' id='word_1_298' title='bbox 320 2209 355 2233; x_wconf 79' lang='lat' dir='ltr'>l‚l.</span> <span class='ocrx_word' id='word_1_299' title='bbox 374 2217 397 2239; x_wconf 82' lang='lat' dir='ltr'>p.</span> <span class='ocrx_word' id='word_1_300' title='bbox 415 2208 472 2233; x_wconf 81' lang='lat'>951.</span> 
     </span>
    </p>

    <p class='ocr_par' dir='ltr' id='par_1_12' title="bbox 175 2248 478 2279">
     <span class='ocr_line' id='line_1_37' title="bbox 175 2248 478 2279; baseline 0 -7"><span class='ocrx_word' id='word_1_301' title='bbox 175 2248 201 2279; x_wconf 83' lang='lat'>5)</span> <span class='ocrx_word' id='word_1_302' title='bbox 220 2249 303 2272; x_wconf 83' lang='lat' dir='ltr'>Zeller</span> <span class='ocrx_word' id='word_1_303' title='bbox 322 2249 357 2272; x_wconf 80' lang='lat'>1.1.</span> <span class='ocrx_word' id='word_1_304' title='bbox 376 2256 399 2279; x_wconf 84' lang='lat' dir='ltr'>p.</span> <span class='ocrx_word' id='word_1_305' title='bbox 420 2248 478 2272; x_wconf 73' lang='lat'>960.</span> 
     </span>
    </p>

    <p class='ocr_par' dir='ltr' id='par_1_13' title="bbox 175 2288 476 2319">
     <span class='ocr_line' id='line_1_38' title="bbox 175 2288 476 2319; baseline 0 -7"><span class='ocrx_word' id='word_1_306' title='bbox 175 2288 202 2316; x_wconf 80' lang='grc'>6)</span> <span class='ocrx_word' id='word_1_307' title='bbox 222 2288 306 2312; x_wconf 85' lang='lat' dir='ltr'>Zeller</span> <span class='ocrx_word' id='word_1_308' title='bbox 324 2288 358 2312; x_wconf 89' lang='lat' dir='ltr'>l.l.</span> <span class='ocrx_word' id='word_1_309' title='bbox 379 2296 402 2319; x_wconf 64' lang='grc' dir='ltr'>ι’».</span> <span class='ocrx_word' id='word_1_310' title='bbox 420 2288 476 2312; x_wconf 77' lang='grc'>960.</span> 
     </span>
    </p>
   </div>
  </div>
 </body>
</html>
