1673 2768
840 285 901 315 140

261 387 355 416 quam
382 377 504 407 nuntiis
529 386 706 408 sermonem
732 378 856 418 epicum
883 376 1049 415 tribu(a)nt
1063 377 1117 415 (et)
1131 378 1187 407 vix
1200 377 1333 417 intelligi
1348 378 1478 418 po(ssi)t,

261 433 316 473 qui
341 432 468 463 librario
497 434 691 473 exquisitius
718 433 908 464 vocabulum
935 443 990 474 pro
1015 433 1139 474 vulgari
1163 434 1195 463 in
1222 438 1359 464 mentem
1386 443 1478 464 vene-

260 489 330 519 rit”.
356 489 409 519 Vs.
439 489 522 519 1075
547 493 657 520 contra
682 490 807 530 scripsit
833 490 977 520 futurum
1001 489 1142 526 ἀγγελεῖν
1155 489 1376 530 obtemperans
1392 490 1478 530 „plu-

261 547 343 576 rium
369 545 515 576 codicum
539 546 728 586 suffragiis'’.
743 546 904 577 Attulerat
918 546 1047 586 quidem
1063 545 1260 577 Valckenaer
1273 556 1311 577 ex
1326 546 1480 587 Euripide

261 602 407 643 exempla
432 602 531 633 futuri
557 606 626 643 post
652 602 747 633 verba
784 612 832 633 ve
848 603 954 633 nien
970 603 988 633 d
1003 604 1029 641 i,
1065 603 1118 634 sed
1145 604 1301 633 contraria
1325 603 1479 634 nonnulla

261 659 444 689 admoverat
470 658 646 689 Markland.

305 715 515 746 Pervenimus
540 716 578 745 ad
604 725 665 746 vss.
693 715 921 754 1114—1118,
946 715 984 745 de
1009 714 1136 755 quibus,
1161 719 1195 746 ut
1220 715 1258 746 de
1273 725 1332 746 vss.
1350 716 1476 745 1182—

265 771 356 809 1186,
381 771 485 802 fusius
511 771 736 812 disputandum
760 775 814 802 est.

327 827 536 865 (Ἱππομέδων)
562 827 677 865 ἔστειχ’
706 827 783 865 ἔχων
808 830 927 864 τκμεῑεν
954 828 981 857 ἐν
1006 826 1086 865 μέσῳ
1111 826 1194 858 σάκει

385 885 468 914 1115
564 887 692 918 στικτεῖς
717 883 879 919 Πκνὲπτκν
903 883 1036 921 ἕμμκσιν
1061 884 1226 922 δεδερκέτκ,

562 940 602 970 τὲ
627 940 681 977 μὲν
705 940 757 970 σὺν
780 939 893 978 ἄστρων
917 940 1104 971 ἐπιτελκῖσιν
1129 940 1256 977 ἔμμκτοε

566 996 734 1033 βλέπηται,
760 996 801 1027 τὲ
826 997 856 1027 δὲ
881 996 1051 1035 :qurum-x
1077 996 1214 1028 δυνόντων
1238 996 1329 1034 μὲτκ,

566 1053 598 1087 ’ἐς
623 1051 738 1091 Urs-5359
763 1052 893 1088 θανόντες
917 1053 1026 1091 ska-*iv
1052 1056 1153 1091 πκρῆν.

261 1109 424 1140 Hermann
451 1113 618 1140 censuerat
642 1113 712 1150 post
737 1120 781 1140 vs.
809 1110 892 1140 1115
914 1119 1043 1140 versum
1065 1109 1244 1149 desiderari,
1259 1119 1352 1150 quem
1367 1109 1477 1140 huius—

263 1166 346 1196 modi
383 1166 483 1196 fuisse
519 1166 700 1206 suspicatus
736 1169 818 1196 erat:
854 1168 909 1200 τῆς
945 1165 1065 1204 'bizen
1101 1165 1160 1196 κύν’
1194 1165 1305 1204 ’Ἃργεν
1336 1165 1477 1203 Ἀργείαις

261 1221 338 1259 βείς,
378 1232 469 1261 „nam
507 1222 583 1263 quid
620 1226 676 1261 est,
711 1223 824 1263 inquit,
861 1223 946 1263 quod
978 1224 1085 1264 Argus
1114 1223 1299 1263 simpliciter
1322 1222 1477 1257 πανόπτης

260 1282 400 1318 vocatur,
437 1289 531 1320 quem
568 1279 731 1319 oportebat
766 1289 825 1310 suo
861 1281 990 1310 nomine
1027 1279 1156 1310 vocari?
1191 1279 1309 1310 Nullus
1340 1279 1371 1310 id
1396 1279 1476 1310 alius

259 1336 393 1376 scriptor
427 1335 529 1366 fecit’'.
563 1335 635 1366 Non
667 1336 766 1367 credit
799 1336 874 1367 Geel
899 1336 930 1366 id
956 1338 1133 1377 oportuisse
1160 1346 1237 1375 „nec
1262 1336 1474 1367 necessarium

259 1392 358 1422 fuisse
401 1393 434 1422 in
474 1392 581 1423 fabula
616 1394 751 1433 cognita,
788 1395 972 1433 praesertim
1009 1393 1168 1424 adiunctis
1204 1392 1309 1424 verbis
1346 1395 1476 1427 στικτοῖς

259 1447 401 1485 ὄμμασιν,
433 1449 630 1489 reliquisque
655 1459 736 1490 quae
759 1454 830 1490 post
855 1460 901 1480 vs.
930 1450 1012 1479 1115
1037 1452 1233 1490 sequuntur:
1260 1449 1378 1490 quibus
1402 1458 1473 1479 cau-

259 1509 326 1536 tum
351 1505 411 1536 fuit
435 1515 474 1536 ne
500 1505 748 1537 confunderetur
773 1506 822 1536 vel
848 1516 921 1536 cum
946 1506 1033 1546 Iove,
1059 1506 1108 1537 vel
1127 1516 1201 1536 cum
1215 1505 1296 1537 Sole.
1309 1505 1476 1536 Praeterea

259 1571 322 1591 non
358 1562 538 1592 inauditum
571 1566 618 1593 est
649 1562 808 1603 epitheton
834 1562 901 1593 loco
927 1563 1065 1593 nominis
1089 1562 1195 1603 poni”.
1221 1561 1319 1593 Cuius
1343 1562 1389 1592 rei
1412 1562 1475 1592 iam

258 1628 286 1658 p.
327 1619 387 1648 148
425 1619 571 1659 exempla
606 1619 764 1658 attulerat,
800 1619 918 1660 quibus
954 1620 1013 1649 hoc
1048 1619 1115 1649 loco
1147 1619 1233 1649 addit
1257 1619 1475 1649 testimonium

258 1673 427 1705 Panofkae
443 1674 463 1712 ¹)
499 1675 537 1706 de
572 1675 715 1715 Panopta
750 1675 883 1716 („prope
919 1679 1013 1716 caput
1049 1676 1127 1716 Argi
1159 1675 1266 1706 literas
1292 1684 1370 1714 esse,
1395 1685 1475 1716 quas

259 1731 326 1762 sive
350 1735 498 1762 ΠΟΝΑΠ
523 1732 590 1763 sive
611 1735 759 1762 HANOH
774 1733 868 1773 legas,
881 1733 959 1763 nihil
974 1733 1113 1763 nominis
1127 1732 1312 1763 adiunctum
1327 1731 1475 1769 habent'’)

259 1792 287 1818 et
312 1787 498 1827 Leemansii,
528 1789 582 1829 qui
608 1788 715 1820 Geelio
740 1789 919 1820 consulenti
944 1789 1186 1820 confirmaverat
1209 1788 1474 1819 consuetudinem

258 1843 357 1874 fuisse
379 1844 546 1884 artificum,
571 1849 605 1875 ut
629 1846 661 1875 in
684 1845 1144 1886 huiusmodiinscriptionibus
1156 1855 1331 1886 cognomen
1346 1845 1475 1886 aliquod

258 1900 380 1932 celebre
415 1905 568 1942 ponerent
592 1903 662 1933 sine
686 1903 822 1933 nomine.
848 1901 939 1938 Quod
964 1903 1089 1933 licuerit
1113 1902 1299 1942 artificibus,
1323 1902 1354 1932 id
1379 1903 1473 1932 etiam

259 1959 360 1998 poetis
386 1958 513 1989 licuisse
537 1958 716 1990 arbitratur.

303 2014 456 2055 Sequitur
492 2017 654 2046 annotatio
691 2016 782 2046 docta
818 2016 855 2046 de
890 2016 977 2056 Argo
1014 2019 1069 2046 aut
1100 2015 1159 2046 sub
1185 2016 1272 2046 canis
1297 2015 1395 2046 forma
1420 2018 1475 2046 aut

259 2081 330 2102 cum
359 2081 436 2103 cane
460 2074 575 2103 comite
600 2073 732 2113 depicto.
758 2073 866 2113 Argus
891 2073 978 2103 canis
1003 2072 1058 2103 Ius
1083 2075 1190 2103 custos
1214 2073 1242 2103 ei
1267 2072 1392 2103 videtur
1405 2081 1474 2103 esse

259 2132 474 2159 commentum
516 2134 745 2167 enarratorum,
791 2130 846 2170 qui
890 2130 995 2160 nescio
1036 2129 1195 2169 quomodo
1222 2128 1327 2159 Ulixis
1363 2138 1473 2159 canem

259 2186 383 2225 Argum
408 2195 480 2216 cum
506 2185 649 2226 Panopta
674 2185 884 2217 confuderint.

292 2307 318 2338 1)
337 2307 373 2332 Cs.
392 2308 491 2334 Comm,
509 2309 589 2333 Acad.
607 2309 689 2333 Berol.
708 2317 730 2333 a.
748 2308 822 2333 1838.
