1673 2768
889 304 949 334 130

312 399 430 429 iniuste
455 399 538 429 dicta
561 399 794 439 praetermitto3
820 398 865 428 sic
889 397 928 427 ad
950 406 997 427 vs.
1022 396 1121 426 1397:
1147 395 1252 436 „quod
1276 395 1528 425 Valckenaerius

312 458 512 486 commentus
547 458 602 494 est,
634 455 665 485 id
690 456 733 485 ita
758 457 805 485 est
830 455 1006 491 inventum,
1031 456 1066 482 ut
1089 454 1149 482 isto
1176 452 1266 482 modo
1292 452 1341 482 vel
1366 451 1527 482 absurdis-

312 512 391 542 sima
415 512 547 552 quaevis
572 510 697 542 defendi
722 509 886 551 possint'';
911 509 950 539 ad
976 518 1019 539 vs.
1049 509 1150 538 1581:
1175 508 1245 547 „hic
1266 508 1343 538 ordo
1357 507 1527 538 verborum

312 567 541 599 Valckenaerio
565 570 708 598 contorta
733 567 851 597 amanti
876 564 1025 606 placuit''.
1051 564 1163 595 Merito
1188 565 1261 595 talia
1286 574 1304 595 a
1329 564 1437 595 Geelio
1462 574 1527 594 cas-

312 625 462 665 tigantur.

358 681 414 712 Vs.
442 681 525 711 1628
545 680 709 711 Hermann
731 689 748 709 a
761 678 955 709 contumelia
967 679 1000 708 in
1014 677 1279 708 Valekenaerium
1294 676 1451 708 abstinere
1465 686 1527 707 non

314 738 425 778 potuit,
449 737 524 767 haec
548 736 706 768 scribens:
735 745 818 774 „non
844 735 936 765 credo
962 734 1225 764 Valckenaerium
1250 733 1359 764 fallere
1381 733 1527 764 lectorem

315 794 464 832 voluisse,
499 793 553 824 sed
587 792 736 823 fefellisse
761 801 794 822 se
818 792 934 831 ipsum,
959 791 1034 821 dum
1061 790 1192 831 phrases
1217 790 1300 821 solas
1325 787 1458 830 captat''.
1484 787 1530 819 De

316 860 379 891 quo
407 850 499 881 Geel:
528 850 623 889 „haec
649 849 769 879 scilieet
793 848 968 888 respiciunt
992 850 1108 885 notam,
1132 848 1165 877 in
1191 856 1254 887 qua
1278 846 1356 876 nihil
1381 847 1442 876 nisi
1456 855 1528 876 oum

315 907 438 938 delectu
474 910 504 937 et
538 908 669 944 κριτικῶς
704 906 857 945 scriptum
894 908 956 935 est:
984 904 1078 944 paulo
1103 903 1238 944 plenius,
1262 903 1410 941 concedo,
1435 912 1529 943 quam

316 963 408 994 hodie
433 962 544 1002 solent,
569 972 649 1002 quos
673 961 771 1002 pudet
795 964 935 1002 paratam
961 960 1134 990 doctrinam
1160 969 1176 990 e
1196 960 1307 990 lexicis
1328 962 1358 990 et
1370 958 1531 989 iudicibus

316 1019 472 1050 haurire”.
509 1018 694 1050 Hermanno
730 1018 761 1048 id
797 1018 947 1058 temporis
984 1018 1053 1048 sine
1089 1016 1186 1047 dubio
1221 1017 1327 1056 aliqua
1363 1016 1401 1046 de
1436 1025 1531 1046 causa

316 1076 498 1107 stomachus
534 1079 640 1106 motus
675 1078 749 1114 erat,
781 1084 853 1104 nam
886 1074 944 1104 hoc
969 1074 1036 1104 loco
1062 1083 1102 1104 ex
1128 1073 1262 1104 Porsoni
1286 1082 1415 1113 quoque
1438 1082 1530 1113 argu-

317 1134 431 1163 mentis
467 1142 567 1163 unum
605 1131 718 1162 falsum
756 1131 841 1169 dicit,
872 1131 995 1171 reliqua
1026 1130 1124 1167 levia;
1151 1129 1256 1160 subita
1280 1130 1341 1159 viri
1365 1129 1531 1159 morositas

318 1188 424 1220 Geelio
448 1189 601 1218 nimirum
626 1188 726 1218 risum
752 1188 858 1217 movit.

361 1244 417 1275 Vs.
451 1244 535 1275 1634
559 1245 771 1285 proscriptum
797 1243 835 1274 ab
861 1242 1010 1273 omnibus
1034 1242 1108 1273 inde
1131 1252 1149 1272 a
1172 1242 1402 1273 Valckenaerio
1427 1241 1532 1272 denuo

317 1302 467 1333 reiecerat
501 1300 715 1340 Hermannus,
752 1300 790 1331 de
826 1309 889 1340 quo
915 1299 991 1330 Geel
1017 1299 1153 1330 urbane:
1184 1309 1275 1338 „cum
1301 1298 1531 1329 Valckenaerio

318 1359 361 1389 ita
396 1359 525 1399 penitus
561 1358 723 1388 consensit
758 1359 788 1388 et
823 1356 940 1387 coaluit
975 1355 1190 1394 Hermannus,
1228 1358 1262 1386 ut
1296 1364 1412 1386 nomen
1437 1355 1532 1395 primi

318 1415 485 1446 monitoris
508 1423 755 1445 commemorare
780 1412 950 1444 omiserit''.

362 1471 413 1503 Ad
448 1481 493 1502 vs.
532 1471 616 1501 1639
652 1470 728 1501 Geel
760 1479 823 1500 non
856 1470 959 1510 potuit
984 1469 1060 1509 quin
1086 1467 1253 1499 scriberet:
1283 1468 1329 1507 „si
1353 1467 1532 1508 scripsisset

318 1528 567 1559 Valckenaerius
590 1527 688 1568 (quod
712 1526 858 1558 Schaefer
882 1526 1016 1566 scripsit,
1037 1526 1093 1566 qui
1112 1525 1151 1556 ab
1164 1524 1350 1555 Hermanno
1363 1524 1532 1563 laudatur),

318 1585 442 1616 audiret
468 1584 649 1625 „phrasium
674 1582 835 1624 captator”
850 1582 878 1612 ''.

363 1641 400 1672 In
435 1641 681 1672 Phoenissarum
706 1639 770 1671 fine
793 1639 957 1671 Hermann
981 1639 1014 1669 in
1040 1638 1304 1669 Valckenaerium
1330 1638 1533 1668 vehementer

321 1699 442 1729 saeviit.

363 1753 419 1784 Vs.
448 1753 540 1792 1694,
566 1754 621 1794 qui
645 1762 733 1783 nunc
758 1753 790 1783 in
815 1752 952 1783 editione
973 1751 1212 1782 Weckleiniana
1232 1761 1272 1782 ex
1286 1751 1531 1782 Schmidtiieor-

321 1811 459 1841 rectione
483 1810 618 1850 legitur:
645 1808 715 1844 ἰδοῦ,
738 1809 863 1847 παρειάς
883 1807 1039 1847 φιλτάτης
1050 1810 1164 1845 &xio-ov
1176 1807 1243 1846 χερί
1253 1808 1285 1838 in
1299 1807 1462 1838 codicibus
1476 1816 1532 1847 pro

322 1868 446 1905 παρειάς
467 1866 560 1897 habet
579 1867 698 1905 γεραιάς
715 1856 745 1896 et
758 1866 788 1895 in
804 1864 1033 1896 recentioribus
1048 1864 1135 1895 libris
1149 1874 1204 1905 pro
1219 1863 1377 1902 φιλτάτης
1390 1863 1531 1894 dativum

320 1922 467 1961 φιλτάτῃ.
499 1922 678 1954 Valkenaer
711 1932 767 1963 pro
791 1922 910 1959 γεραιάς
934 1921 995 1961 legi
1021 1921 1090 1951 vult
1112 1924 1226 1960 γερκιᾷ.
1251 1920 1373 1951 Porson
1399 1922 1533 1960 usurpat

322 1978 463 2019 φιλτάτῃ
488 1989 544 2020 pro
569 1978 734 2018 φιλτάτης,
758 1978 796 2009 de
821 1988 885 2018 quo
909 1977 1073 2008 Hermann
1098 1978 1240 2017 scripsit:
1269 1976 1423 2016 „Plurimi
1447 1976 1532 2007 codi-

321 2047 372 2068 ces
397 2035 546 2076 Φιλτάτῃ,
571 2036 655 2076 quod
679 2036 796 2076 recepit
820 2035 991 2073 Porsonus,
1016 2034 1140 2065 saniore
1159 2033 1276 2064 iudicio
1290 2043 1384 2073 quam
1399 2032 1531 2063 Valcke-

322 2095 459 2131 naerius,
493 2094 545 2123 cui
577 2092 701 2123 libitum
727 2095 774 2122 est
797 2091 916 2122 dicere:
947 2100 1060 2129 „anum
1087 2090 1282 2121 carissimam
1304 2099 1397 2121 nemo
1421 2098 1532 2130 graece

323 2150 438 2181 dixerit
463 2148 586 2188 γεράιάν
611 2147 788 2187 φιλτάτην”
894 2148 974 2178 illud
996 2150 1111 2185 autem,
1135 2147 1257 2185 γερκιᾶς
1283 2145 1446 2184 Φιλτάτης,
1468 2146 1532 2176 dic-

323 2210 389 2237 tum
434 2209 481 2237 est
515 2206 691 2237 rectissime
726 2208 756 2236 et
791 2205 961 2245 aptissime.
996 2203 1057 2234 Sed
1094 2204 1244 2233 nimirum
1281 2202 1532 2234 Valckenaerius

324 2263 451 2294 nolebat
485 2263 677 2301 meminisse,
710 2261 824 2300 γερκιές
859 2265 889 2292 et
912 2259 1018 2299 γερκιά
1042 2270 1097 2301 pro
1122 2259 1331 2291 substantivis
1355 2259 1532 2300 usurpari''.

326 2318 415 2359 „Non
441 2318 632 2359 diiudicabo,
656 2318 761 2359 inquit
786 2317 870 2358 Geel,
895 2318 999 2348 utrius
1023 2316 1176 2347 iudicium
1202 2317 1310 2347 sanius
1335 2315 1438 2356 fuerit,
1457 2315 1532 2346 Por-
