<?xml version="1.0" encoding="UTF-8"?>
<!DOCTYPE html PUBLIC "-//W3C//DTD XHTML 1.0 Transitional//EN"
    "http://www.w3.org/TR/xhtml1/DTD/xhtml1-transitional.dtd">
<html xmlns="http://www.w3.org/1999/xhtml" xml:lang="en" lang="en">
 <head>
  <title>
</title>
<meta http-equiv="Content-Type" content="text/html;charset=utf-8" />
  <meta name='ocr-system' content='tesseract 3.04.00' />
  <meta name='ocr-capabilities' content='ocr_page ocr_carea ocr_par ocr_line ocrx_word'/>
</head>
<body>
  <div class='ocr_page' id='page_1' title='image "./dejacobogeelioph00wienuoft_0120.png"; bbox 0 0 1673 2768; ppageno 0'>
   <div class='ocr_carea' id='block_1_1' title="bbox 903 319 944 348">
    <p class='ocr_par' dir='ltr' id='par_1_1' title="bbox 903 319 944 348">
     <span class='ocr_line' id='line_1_1' title="bbox 903 319 944 348; baseline 0 0"><span class='ocrx_word' id='word_1_1' title='bbox 903 319 944 348; x_wconf 81' lang='lat'>98</span> 
     </span>
    </p>
   </div>
   <div class='ocr_carea' id='block_1_2' title="bbox 317 410 1529 565">
    <p class='ocr_par' dir='ltr' id='par_1_2' title="bbox 317 410 1529 565">
     <span class='ocr_line' id='line_1_2' title="bbox 362 410 1527 450; baseline -0.002 -8"><span class='ocrx_word' id='word_1_2' title='bbox 362 412 446 442; x_wconf 75' lang='lat'>5501&gt;</span> <span class='ocrx_word' id='word_1_3' title='bbox 471 410 605 450; x_wconf 64' lang='lat' dir='ltr'>’&#39;Anwpx</span> <span class='ocrx_word' id='word_1_4' title='bbox 631 421 670 442; x_wconf 79' lang='lat' dir='ltr'>ex</span> <span class='ocrx_word' id='word_1_5' title='bbox 694 412 805 442; x_wconf 89' lang='lat' dir='ltr'>ceteris</span> <span class='ocrx_word' id='word_1_6' title='bbox 830 410 991 441; x_wconf 85' lang='lat' dir='ltr'>codicibus</span> <span class='ocrx_word' id='word_1_7' title='bbox 1016 410 1214 450; x_wconf 88' lang='lat' dir='ltr'>sequendum</span> <span class='ocrx_word' id='word_1_8' title='bbox 1241 419 1317 449; x_wconf 77' lang='lat' dir='ltr'>esse,</span> <span class='ocrx_word' id='word_1_9' title='bbox 1339 420 1401 440; x_wconf 88' lang='lat' dir='ltr'>non</span> <span class='ocrx_word' id='word_1_10' title='bbox 1423 413 1527 440; x_wconf 88' lang='lat' dir='ltr'>autem</span> 
     </span>
     <span class='ocr_line' id='line_1_3' title="bbox 317 467 698 507; baseline -0.003 -9"><span class='ocrx_word' id='word_1_11' title='bbox 317 467 448 507; x_wconf 68' lang='grc' dir='ltr'>’Έκτορκ</span> <span class='ocrx_word' id='word_1_12' title='bbox 471 478 511 499; x_wconf 80' lang='lat' dir='ltr'>ex</span> <span class='ocrx_word' id='word_1_13' title='bbox 536 469 642 499; x_wconf 80' lang='lat' dir='ltr'>codiee</span> <span class='ocrx_word' id='word_1_14' title='bbox 667 467 698 498; x_wconf 89' lang='lat' dir='ltr'>C.</span> 
     </span>
     <span class='ocr_line' id='line_1_4' title="bbox 359 522 1529 565; baseline -0.002 -10"><span class='ocrx_word' id='word_1_15' title='bbox 359 525 444 555; x_wconf 85' lang='lat' dir='ltr'>565d</span> <span class='ocrx_word' id='word_1_16' title='bbox 467 534 507 555; x_wconf 81' lang='lat' dir='ltr'>ex</span> <span class='ocrx_word' id='word_1_17' title='bbox 532 524 719 565; x_wconf 88' lang='lat' dir='ltr'>compendio</span> <span class='ocrx_word' id='word_1_18' title='bbox 745 523 767 553; x_wconf 89' lang='lat' dir='ltr'>C</span> <span class='ocrx_word' id='word_1_19' title='bbox 792 526 876 554; x_wconf 88' lang='lat' dir='ltr'>recte</span> <span class='ocrx_word' id='word_1_20' title='bbox 901 523 1015 563; x_wconf 75' lang='lat' dir='ltr'>legisse</span> <span class='ocrx_word' id='word_1_21' title='bbox 1040 523 1206 560; x_wconf 65' lang='grc' dir='ltr'>ἀνθρώποις,</span> <span class='ocrx_word' id='word_1_22' title='bbox 1234 522 1263 553; x_wconf 92' lang='lat' dir='ltr'>U</span> <span class='ocrx_word' id='word_1_23' title='bbox 1288 526 1393 553; x_wconf 84' lang='lat' dir='ltr'>autem</span> <span class='ocrx_word' id='word_1_24' title='bbox 1416 523 1529 553; x_wconf 84' lang='lat' dir='ltr'>vitiose</span> 
     </span>
    </p>
   </div>
   <div class='ocr_carea' id='block_1_3' title="bbox 316 580 468 620">
    <p class='ocr_par' dir='ltr' id='par_1_3' title="bbox 316 580 468 620">
     <span class='ocr_line' id='line_1_5' title="bbox 316 580 468 620; baseline -0.007 -9"><span class='ocrx_word' id='word_1_25' title='bbox 316 581 417 615; x_wconf 67' lang='grc' dir='ltr'><em>αὐτοῖς</em></span> <span class='ocrx_word' id='word_1_26' title='bbox 435 580 468 620; x_wconf 88' lang='lat'>¹).</span> 
     </span>
    </p>
   </div>
   <div class='ocr_carea' id='block_1_4' title="bbox 782 805 1065 835">
    <p class='ocr_par' dir='ltr' id='par_1_4' title="bbox 782 805 1065 835">
     <span class='ocr_line' id='line_1_6' title="bbox 782 805 1065 835; baseline 0 0"><span class='ocrx_word' id='word_1_27' title='bbox 782 805 965 835; x_wconf 87' lang='lat' dir='ltr'><strong>CAPUT</strong></span> <span class='ocrx_word' id='word_1_28' title='bbox 1000 805 1065 835; x_wconf 91' lang='lat' dir='ltr'>IV.</span> 
     </span>
    </p>
   </div>
   <div class='ocr_carea' id='block_1_5' title="bbox 371 907 1473 929">
    <p class='ocr_par' dir='ltr' id='par_1_5' title="bbox 371 907 1473 929">
     <span class='ocr_line' id='line_1_7' title="bbox 371 907 1473 929; baseline -0.001 -1"><span class='ocrx_word' id='word_1_29' title='bbox 371 909 410 929; x_wconf 80' lang='lat' dir='ltr'>DE</span> <span class='ocrx_word' id='word_1_30' title='bbox 433 909 532 929; x_wconf 80' lang='lat' dir='ltr'>GEELII</span> <span class='ocrx_word' id='word_1_31' title='bbox 556 909 585 928; x_wconf 80' lang='lat' dir='ltr'>IN</span> <span class='ocrx_word' id='word_1_32' title='bbox 610 908 709 928; x_wconf 80' lang='lat' dir='ltr'>DIONIS</span> <span class='ocrx_word' id='word_1_33' title='bbox 735 907 899 928; x_wconf 73' lang='lat' dir='ltr'>ORATIONES</span> <span class='ocrx_word' id='word_1_34' title='bbox 925 907 1118 928; x_wconf 78' lang='lat' dir='ltr'>CONIECTURIS</span> <span class='ocrx_word' id='word_1_35' title='bbox 1144 908 1177 927; x_wconf 77' lang='lat' dir='ltr'>ET</span> <span class='ocrx_word' id='word_1_36' title='bbox 1201 907 1473 928; x_wconf 78' lang='lat' dir='ltr'>EMENDATIONIBUS.</span> 
     </span>
    </p>
   </div>
   <div class='ocr_carea' id='block_1_6' title="bbox 317 990 1531 1766">
    <p class='ocr_par' dir='ltr' id='par_1_6' title="bbox 317 990 1531 1370">
     <span class='ocr_line' id='line_1_8' title="bbox 363 990 1531 1032; baseline 0 -11"><span class='ocrx_word' id='word_1_37' title='bbox 363 992 381 1031; x_wconf 66' lang='grc' dir='ltr'>ἓ</span> <span class='ocrx_word' id='word_1_38' title='bbox 408 992 433 1021; x_wconf 92' lang='grc'>1.</span> <span class='ocrx_word' id='word_1_39' title='bbox 458 990 566 1032; x_wconf 81' lang='lat' dir='ltr'>Capite</span> <span class='ocrx_word' id='word_1_40' title='bbox 599 991 745 1031; x_wconf 80' lang='lat' dir='ltr'>proximo</span> <span class='ocrx_word' id='word_1_41' title='bbox 770 992 819 1031; x_wconf 83' lang='lat' dir='ltr'>egi</span> <span class='ocrx_word' id='word_1_42' title='bbox 844 991 881 1021; x_wconf 91' lang='lat' dir='ltr'>de</span> <span class='ocrx_word' id='word_1_43' title='bbox 906 990 1013 1021; x_wconf 83' lang='lat' dir='ltr'>Geelio</span> <span class='ocrx_word' id='word_1_44' title='bbox 1039 990 1150 1021; x_wconf 88' lang='lat' dir='ltr'>Dionis</span> <span class='ocrx_word' id='word_1_45' title='bbox 1176 994 1283 1021; x_wconf 83' lang='lat' dir='ltr'>textus</span> <span class='ocrx_word' id='word_1_46' title='bbox 1306 992 1477 1031; x_wconf 77' lang='lat' dir='ltr'>interprete</span> <span class='ocrx_word' id='word_1_47' title='bbox 1500 994 1531 1021; x_wconf 91' lang='lat' dir='ltr'>et</span> 
     </span>
     <span class='ocr_line' id='line_1_9' title="bbox 319 1048 1529 1085; baseline -0.001 -7"><span class='ocrx_word' id='word_1_48' title='bbox 319 1048 523 1085; x_wconf 76' lang='lat' dir='ltr'>vindicatore,</span> <span class='ocrx_word' id='word_1_49' title='bbox 549 1057 633 1078; x_wconf 88' lang='lat' dir='ltr'>nunc</span> <span class='ocrx_word' id='word_1_50' title='bbox 654 1051 784 1078; x_wconf 84' lang='lat' dir='ltr'>acturus</span> <span class='ocrx_word' id='word_1_51' title='bbox 805 1057 875 1078; x_wconf 90' lang='lat' dir='ltr'>sum</span> <span class='ocrx_word' id='word_1_52' title='bbox 898 1048 936 1078; x_wconf 90' lang='lat' dir='ltr'>de</span> <span class='ocrx_word' id='word_1_53' title='bbox 956 1048 1063 1078; x_wconf 89' lang='lat' dir='ltr'>eodem</span> <span class='ocrx_word' id='word_1_54' title='bbox 1086 1050 1183 1078; x_wconf 88' lang='lat' dir='ltr'>artem</span> <span class='ocrx_word' id='word_1_55' title='bbox 1199 1048 1339 1078; x_wconf 77' lang='lat' dir='ltr'>criticam</span> <span class='ocrx_word' id='word_1_56' title='bbox 1355 1050 1529 1078; x_wconf 80' lang='lat' dir='ltr'>exercente.</span> 
     </span>
     <span class='ocr_line' id='line_1_10' title="bbox 320 1103 1529 1144; baseline -0.001 -10"><span class='ocrx_word' id='word_1_57' title='bbox 320 1103 519 1144; x_wconf 83' lang='lat' dir='ltr'><strong>Quamquam</strong></span> <span class='ocrx_word' id='word_1_58' title='bbox 556 1105 639 1134; x_wconf 91' lang='lat' dir='ltr'>enim</span> <span class='ocrx_word' id='word_1_59' title='bbox 677 1108 742 1135; x_wconf 89' lang='lat' dir='ltr'>arte</span> <span class='ocrx_word' id='word_1_60' title='bbox 778 1105 886 1134; x_wconf 85' lang='lat' dir='ltr'>critica</span> <span class='ocrx_word' id='word_1_61' title='bbox 921 1113 993 1134; x_wconf 89' lang='lat' dir='ltr'>eum</span> <span class='ocrx_word' id='word_1_62' title='bbox 1032 1114 1126 1134; x_wconf 91' lang='lat' dir='ltr'>usum</span> <span class='ocrx_word' id='word_1_63' title='bbox 1152 1114 1221 1135; x_wconf 90' lang='lat' dir='ltr'>esse</span> <span class='ocrx_word' id='word_1_64' title='bbox 1244 1105 1275 1134; x_wconf 89' lang='lat' dir='ltr'>in</span> <span class='ocrx_word' id='word_1_65' title='bbox 1301 1104 1443 1134; x_wconf 84' lang='lat' dir='ltr'>codicum</span> <span class='ocrx_word' id='word_1_66' title='bbox 1470 1103 1529 1134; x_wconf 90' lang='lat' dir='ltr'>lec-</span> 
     </span>
     <span class='ocr_line' id='line_1_11' title="bbox 318 1160 1531 1201; baseline -0.001 -10"><span class='ocrx_word' id='word_1_67' title='bbox 318 1161 458 1191; x_wconf 81' lang='lat' dir='ltr'>tionibus</span> <span class='ocrx_word' id='word_1_68' title='bbox 494 1160 703 1191; x_wconf 82' lang='lat' dir='ltr'>deterioribus</span> <span class='ocrx_word' id='word_1_69' title='bbox 739 1171 756 1190; x_wconf 86' lang='lat' dir='ltr'>a</span> <span class='ocrx_word' id='word_1_70' title='bbox 793 1160 976 1191; x_wconf 87' lang='lat' dir='ltr'>melioribus</span> <span class='ocrx_word' id='word_1_71' title='bbox 1009 1161 1210 1191; x_wconf 88' lang='lat' dir='ltr'>secernendis</span> <span class='ocrx_word' id='word_1_72' title='bbox 1232 1161 1315 1190; x_wconf 91' lang='lat' dir='ltr'>haud</span> <span class='ocrx_word' id='word_1_73' title='bbox 1341 1160 1531 1201; x_wconf 80' lang='lat' dir='ltr'>negaverim,</span> 
     </span>
     <span class='ocr_line' id='line_1_12' title="bbox 318 1216 1528 1257; baseline -0.001 -10"><span class='ocrx_word' id='word_1_74' title='bbox 318 1217 376 1247; x_wconf 89' lang='lat' dir='ltr'>hoc</span> <span class='ocrx_word' id='word_1_75' title='bbox 401 1220 504 1247; x_wconf 88' lang='lat' dir='ltr'>tamen</span> <span class='ocrx_word' id='word_1_76' title='bbox 530 1218 629 1257; x_wconf 86' lang='lat' dir='ltr'>magis</span> <span class='ocrx_word' id='word_1_77' title='bbox 653 1226 722 1247; x_wconf 89' lang='lat' dir='ltr'>esse</span> <span class='ocrx_word' id='word_1_78' title='bbox 746 1218 925 1257; x_wconf 79' lang='lat' dir='ltr'>interpretis</span> <span class='ocrx_word' id='word_1_79' title='bbox 948 1235 985 1238; x_wconf 42' lang='grc' dir='ltr'><em>ω</em></span> <span class='ocrx_word' id='word_1_80' title='bbox 1009 1218 1177 1257; x_wconf 87' lang='lat' dir='ltr'>praecipue</span> <span class='ocrx_word' id='word_1_81' title='bbox 1198 1218 1232 1254; x_wconf 78' lang='lat' dir='ltr'>si,</span> <span class='ocrx_word' id='word_1_82' title='bbox 1247 1220 1281 1247; x_wconf 90' lang='lat' dir='ltr'>ut</span> <span class='ocrx_word' id='word_1_83' title='bbox 1296 1216 1380 1255; x_wconf 79' lang='lat' dir='ltr'>Geel,</span> <span class='ocrx_word' id='word_1_84' title='bbox 1393 1216 1528 1256; x_wconf 82' lang='lat' dir='ltr'>explica-</span> 
     </span>
     <span class='ocr_line' id='line_1_13' title="bbox 318 1272 1531 1314; baseline -0.002 -10"><span class='ocrx_word' id='word_1_85' title='bbox 318 1274 402 1304; x_wconf 87' lang='lat' dir='ltr'>tione</span> <span class='ocrx_word' id='word_1_86' title='bbox 437 1276 553 1312; x_wconf 76' lang='lat' dir='ltr'>textus,</span> <span class='ocrx_word' id='word_1_87' title='bbox 589 1283 652 1303; x_wconf 90' lang='lat' dir='ltr'>non</span> <span class='ocrx_word' id='word_1_88' title='bbox 686 1274 830 1304; x_wconf 87' lang='lat' dir='ltr'>codicum</span> <span class='ocrx_word' id='word_1_89' title='bbox 863 1273 1046 1314; x_wconf 82' lang='lat' dir='ltr'>genealogia</span> <span class='ocrx_word' id='word_1_90' title='bbox 1070 1277 1165 1314; x_wconf 88' lang='lat' dir='ltr'>atque</span> <span class='ocrx_word' id='word_1_91' title='bbox 1190 1274 1407 1304; x_wconf 83' lang='lat' dir='ltr'>aestimatione</span> <span class='ocrx_word' id='word_1_92' title='bbox 1431 1272 1531 1303; x_wconf 90' lang='lat' dir='ltr'>fretus</span> 
     </span>
     <span class='ocr_line' id='line_1_14' title="bbox 317 1330 1308 1370; baseline -0.001 -10"><span class='ocrx_word' id='word_1_93' title='bbox 317 1340 382 1360; x_wconf 90' lang='lat' dir='ltr'>rem</span> <span class='ocrx_word' id='word_1_94' title='bbox 407 1333 493 1360; x_wconf 89' lang='lat' dir='ltr'>tuam</span> <span class='ocrx_word' id='word_1_95' title='bbox 519 1340 593 1370; x_wconf 87' lang='lat' dir='ltr'>agas</span> <span class='ocrx_word' id='word_1_96' title='bbox 618 1348 658 1351; x_wconf 88' lang='lat'>—-</span> <span class='ocrx_word' id='word_1_97' title='bbox 684 1330 733 1360; x_wconf 88' lang='lat' dir='ltr'>vel</span> <span class='ocrx_word' id='word_1_98' title='bbox 758 1331 840 1361; x_wconf 90' lang='lat' dir='ltr'>inter</span> <span class='ocrx_word' id='word_1_99' title='bbox 865 1340 974 1361; x_wconf 89' lang='lat' dir='ltr'>omnes</span> <span class='ocrx_word' id='word_1_100' title='bbox 998 1333 1143 1361; x_wconf 87' lang='lat' dir='ltr'>constare</span> <span class='ocrx_word' id='word_1_101' title='bbox 1166 1330 1308 1360; x_wconf 84' lang='lat' dir='ltr'>arbitror.</span> 
     </span>
    </p>

    <p class='ocr_par' dir='ltr' id='par_1_7' title="bbox 317 1385 1531 1766">
     <span class='ocr_line' id='line_1_15' title="bbox 362 1385 1530 1427; baseline -0.002 -10"><span class='ocrx_word' id='word_1_102' title='bbox 362 1385 409 1417; x_wconf 81' lang='lat' dir='ltr'>De</span> <span class='ocrx_word' id='word_1_103' title='bbox 434 1386 533 1417; x_wconf 82' lang='lat' dir='ltr'>Geelii</span> <span class='ocrx_word' id='word_1_104' title='bbox 557 1387 655 1427; x_wconf 83' lang='lat' dir='ltr'>igitur</span> <span class='ocrx_word' id='word_1_105' title='bbox 679 1389 745 1417; x_wconf 82' lang='lat' dir='ltr'>arte</span> <span class='ocrx_word' id='word_1_106' title='bbox 770 1387 878 1417; x_wconf 86' lang='lat' dir='ltr'>critica</span> <span class='ocrx_word' id='word_1_107' title='bbox 902 1387 1068 1427; x_wconf 80' lang='lat' dir='ltr'>disputans</span> <span class='ocrx_word' id='word_1_108' title='bbox 1092 1387 1243 1417; x_wconf 88' lang='lat' dir='ltr'>rationem</span> <span class='ocrx_word' id='word_1_109' title='bbox 1270 1396 1333 1416; x_wconf 90' lang='lat' dir='ltr'>non</span> <span class='ocrx_word' id='word_1_110' title='bbox 1358 1396 1427 1417; x_wconf 91' lang='lat' dir='ltr'>sum</span> <span class='ocrx_word' id='word_1_111' title='bbox 1444 1385 1530 1416; x_wconf 89' lang='lat' dir='ltr'>habi-</span> 
     </span>
     <span class='ocr_line' id='line_1_16' title="bbox 317 1441 1530 1483; baseline -0.001 -10"><span class='ocrx_word' id='word_1_112' title='bbox 317 1446 408 1474; x_wconf 86' lang='lat' dir='ltr'>turus</span> <span class='ocrx_word' id='word_1_113' title='bbox 444 1453 553 1474; x_wconf 88' lang='lat' dir='ltr'>eorum</span> <span class='ocrx_word' id='word_1_114' title='bbox 590 1443 743 1482; x_wconf 88' lang='lat' dir='ltr'>locorum,</span> <span class='ocrx_word' id='word_1_115' title='bbox 780 1443 897 1483; x_wconf 89' lang='lat' dir='ltr'>quibus</span> <span class='ocrx_word' id='word_1_116' title='bbox 934 1443 1094 1474; x_wconf 87' lang='lat' dir='ltr'>meliorem</span> <span class='ocrx_word' id='word_1_117' title='bbox 1126 1443 1291 1473; x_wconf 89' lang='lat' dir='ltr'>lectionem</span> <span class='ocrx_word' id='word_1_118' title='bbox 1326 1452 1342 1473; x_wconf 93' lang='lat' dir='ltr'>e</span> <span class='ocrx_word' id='word_1_119' title='bbox 1366 1441 1530 1473; x_wconf 85' lang='lat' dir='ltr'>codicibus</span> 
     </span>
     <span class='ocr_line' id='line_1_17' title="bbox 318 1499 1529 1540; baseline 0 -10"><span class='ocrx_word' id='word_1_120' title='bbox 318 1499 378 1530; x_wconf 93' lang='lat' dir='ltr'>sibi</span> <span class='ocrx_word' id='word_1_121' title='bbox 413 1500 547 1540; x_wconf 87' lang='lat' dir='ltr'>cognitis</span> <span class='ocrx_word' id='word_1_122' title='bbox 578 1500 725 1530; x_wconf 85' lang='lat' dir='ltr'>restituit.</span> <span class='ocrx_word' id='word_1_123' title='bbox 763 1500 872 1530; x_wconf 86' lang='lat' dir='ltr'>Artem</span> <span class='ocrx_word' id='word_1_124' title='bbox 910 1500 1048 1530; x_wconf 87' lang='lat' dir='ltr'>criticam</span> <span class='ocrx_word' id='word_1_125' title='bbox 1086 1499 1162 1530; x_wconf 81' lang='lat' dir='ltr'>Geel</span> <span class='ocrx_word' id='word_1_126' title='bbox 1195 1501 1348 1538; x_wconf 75' lang='lat' dir='ltr'>exercuit,</span> <span class='ocrx_word' id='word_1_127' title='bbox 1381 1500 1529 1540; x_wconf 84' lang='lat' dir='ltr'>quotiens</span> 
     </span>
     <span class='ocr_line' id='line_1_18' title="bbox 318 1555 1531 1596; baseline 0 -10"><span class='ocrx_word' id='word_1_128' title='bbox 318 1556 484 1596; x_wconf 78' lang='lat' dir='ltr'>quaesivit,</span> <span class='ocrx_word' id='word_1_129' title='bbox 519 1559 626 1586; x_wconf 89' lang='lat' dir='ltr'>utrum</span> <span class='ocrx_word' id='word_1_130' title='bbox 663 1559 718 1586; x_wconf 87' lang='lat' dir='ltr'>aut</span> <span class='ocrx_word' id='word_1_131' title='bbox 751 1557 849 1586; x_wconf 86' lang='lat' dir='ltr'>oratio</span> <span class='ocrx_word' id='word_1_132' title='bbox 883 1556 1037 1596; x_wconf 86' lang='lat' dir='ltr'>quaedam</span> <span class='ocrx_word' id='word_1_133' title='bbox 1070 1560 1125 1587; x_wconf 86' lang='lat' dir='ltr'>aut</span> <span class='ocrx_word' id='word_1_134' title='bbox 1147 1557 1303 1587; x_wconf 88' lang='lat' dir='ltr'>sententia</span> <span class='ocrx_word' id='word_1_135' title='bbox 1326 1559 1382 1586; x_wconf 86' lang='lat' dir='ltr'>aut</span> <span class='ocrx_word' id='word_1_136' title='bbox 1404 1555 1531 1596; x_wconf 86' lang='lat' dir='ltr'>singula</span> 
     </span>
     <span class='ocr_line' id='line_1_19' title="bbox 318 1611 1530 1653; baseline 0 -10"><span class='ocrx_word' id='word_1_137' title='bbox 318 1612 413 1643; x_wconf 79' lang='lat' dir='ltr'>verba</span> <span class='ocrx_word' id='word_1_138' title='bbox 443 1611 539 1643; x_wconf 90' lang='lat' dir='ltr'>Dioni</span> <span class='ocrx_word' id='word_1_139' title='bbox 567 1612 767 1643; x_wconf 89' lang='lat' dir='ltr'>attribuenda</span> <span class='ocrx_word' id='word_1_140' title='bbox 798 1616 913 1653; x_wconf 87' lang='lat' dir='ltr'>essent,</span> <span class='ocrx_word' id='word_1_141' title='bbox 945 1623 1061 1651; x_wconf 81' lang='lat' dir='ltr'>necne3</span> <span class='ocrx_word' id='word_1_142' title='bbox 1087 1613 1126 1644; x_wconf 85' lang='lat' dir='ltr'>ad</span> <span class='ocrx_word' id='word_1_143' title='bbox 1151 1616 1248 1644; x_wconf 88' lang='lat' dir='ltr'>artem</span> <span class='ocrx_word' id='word_1_144' title='bbox 1274 1613 1412 1643; x_wconf 89' lang='lat' dir='ltr'>criticam</span> <span class='ocrx_word' id='word_1_145' title='bbox 1437 1613 1530 1653; x_wconf 90' lang='lat' dir='ltr'>perti-</span> 
     </span>
     <span class='ocr_line' id='line_1_20' title="bbox 318 1669 1531 1710; baseline 0 -10"><span class='ocrx_word' id='word_1_146' title='bbox 318 1672 395 1700; x_wconf 86' lang='lat' dir='ltr'>nent</span> <span class='ocrx_word' id='word_1_147' title='bbox 429 1670 499 1700; x_wconf 82' lang='lat' dir='ltr'>eius</span> <span class='ocrx_word' id='word_1_148' title='bbox 533 1669 733 1700; x_wconf 84' lang='lat' dir='ltr'>coniecturae</span> <span class='ocrx_word' id='word_1_149' title='bbox 767 1672 796 1700; x_wconf 89' lang='lat' dir='ltr'>et</span> <span class='ocrx_word' id='word_1_150' title='bbox 833 1670 1076 1700; x_wconf 87' lang='lat' dir='ltr'>emendationes.</span> <span class='ocrx_word' id='word_1_151' title='bbox 1112 1669 1225 1710; x_wconf 81' lang='lat' dir='ltr'>ltaque</span> <span class='ocrx_word' id='word_1_152' title='bbox 1257 1670 1295 1700; x_wconf 88' lang='lat' dir='ltr'>de</span> <span class='ocrx_word' id='word_1_153' title='bbox 1326 1669 1531 1707; x_wconf 52' lang='lat' dir='ltr'>orationibus</span> 
     </span>
     <span class='ocr_line' id='line_1_21' title="bbox 318 1718 1508 1766; baseline 0 -10"><span class='ocrx_word' id='word_1_154' title='bbox 318 1726 493 1765; x_wconf 85' lang='lat' dir='ltr'>sententiis,</span> <span class='ocrx_word' id='word_1_155' title='bbox 517 1724 621 1757; x_wconf 89' lang='lat' dir='ltr'>verbis</span> <span class='ocrx_word' id='word_1_156' title='bbox 646 1725 796 1766; x_wconf 88' lang='lat' dir='ltr'>deinceps</span> <span class='ocrx_word' id='word_1_157' title='bbox 820 1728 950 1757; x_wconf 89' lang='lat' dir='ltr'>acturus</span> <span class='ocrx_word' id='word_1_158' title='bbox 975 1736 1055 1757; x_wconf 90' lang='lat' dir='ltr'>sum.</span> <span class='ocrx_word' id='word_1_159' title='bbox 1504 1718 1508 1723; x_wconf 68' lang='grc'><strong>”</strong></span> 
     </span>
    </p>
   </div>
   <div class='ocr_carea' id='block_1_7' title="bbox 318 1835 1531 2217">
    <p class='ocr_par' dir='ltr' id='par_1_8' title="bbox 318 1835 1531 2217">
     <span class='ocr_line' id='line_1_22' title="bbox 361 1835 1531 1875; baseline -0.001 -8"><span class='ocrx_word' id='word_1_160' title='bbox 361 1836 435 1867; x_wconf 86' lang='lat' dir='ltr'>Tres</span> <span class='ocrx_word' id='word_1_161' title='bbox 471 1837 629 1867; x_wconf 87' lang='lat' dir='ltr'>orationes</span> <span class='ocrx_word' id='word_1_162' title='bbox 664 1836 740 1868; x_wconf 86' lang='lat' dir='ltr'>Geel</span> <span class='ocrx_word' id='word_1_163' title='bbox 775 1835 870 1867; x_wconf 94' lang='lat' dir='ltr'>Dioni</span> <span class='ocrx_word' id='word_1_164' title='bbox 903 1836 1107 1875; x_wconf 85' lang='lat' dir='ltr'>abiudicavit,</span> <span class='ocrx_word' id='word_1_165' title='bbox 1139 1837 1176 1867; x_wconf 90' lang='lat' dir='ltr'>de</span> <span class='ocrx_word' id='word_1_166' title='bbox 1208 1836 1333 1867; x_wconf 86' lang='lat' dir='ltr'>duabus</span> <span class='ocrx_word' id='word_1_167' title='bbox 1366 1836 1531 1867; x_wconf 84' lang='lat' dir='ltr'>dubitavit.</span> 
     </span>
     <span class='ocr_line' id='line_1_23' title="bbox 318 1891 1529 1933; baseline -0.001 -10"><span class='ocrx_word' id='word_1_168' title='bbox 318 1892 365 1924; x_wconf 91' lang='lat' dir='ltr'>De</span> <span class='ocrx_word' id='word_1_169' title='bbox 400 1894 542 1924; x_wconf 87' lang='lat' dir='ltr'>oratione</span> <span class='ocrx_word' id='word_1_170' title='bbox 578 1892 776 1924; x_wconf 85' lang='lat' dir='ltr'>Corinthiaca</span> <span class='ocrx_word' id='word_1_171' title='bbox 811 1892 1010 1931; x_wconf 84' lang='lat' dir='ltr'>(XXXVII.)</span> <span class='ocrx_word' id='word_1_172' title='bbox 1045 1893 1128 1923; x_wconf 89' lang='lat' dir='ltr'>haud</span> <span class='ocrx_word' id='word_1_173' title='bbox 1166 1892 1314 1933; x_wconf 85' lang='lat' dir='ltr'>ambigue</span> <span class='ocrx_word' id='word_1_174' title='bbox 1349 1893 1475 1933; x_wconf 88' lang='lat' dir='ltr'>scripsit</span> <span class='ocrx_word' id='word_1_175' title='bbox 1487 1891 1529 1930; x_wconf 82' lang='lat'>²):</span> 
     </span>
     <span class='ocr_line' id='line_1_24' title="bbox 320 1948 1530 1990; baseline 0 -11"><span class='ocrx_word' id='word_1_176' title='bbox 320 1948 452 1988; x_wconf 79' lang='lat' dir='ltr'>„Dionis</span> <span class='ocrx_word' id='word_1_177' title='bbox 488 1959 551 1979; x_wconf 91' lang='lat' dir='ltr'>non</span> <span class='ocrx_word' id='word_1_178' title='bbox 588 1952 643 1980; x_wconf 88' lang='lat' dir='ltr'>est.</span> <span class='ocrx_word' id='word_1_179' title='bbox 677 1949 763 1986; x_wconf 85' lang='lat' dir='ltr'>Nihil</span> <span class='ocrx_word' id='word_1_180' title='bbox 800 1949 871 1980; x_wconf 90' lang='lat' dir='ltr'>duri</span> <span class='ocrx_word' id='word_1_181' title='bbox 907 1950 1027 1980; x_wconf 88' lang='lat' dir='ltr'>dictum</span> <span class='ocrx_word' id='word_1_182' title='bbox 1064 1950 1104 1979; x_wconf 86' lang='lat' dir='ltr'>sit</span> <span class='ocrx_word' id='word_1_183' title='bbox 1135 1950 1166 1979; x_wconf 92' lang='lat' dir='ltr'>in</span> <span class='ocrx_word' id='word_1_184' title='bbox 1201 1959 1333 1989; x_wconf 88' lang='lat' dir='ltr'>magnos</span> <span class='ocrx_word' id='word_1_185' title='bbox 1357 1950 1451 1988; x_wconf 74' lang='lat' dir='ltr'>viros,</span> <span class='ocrx_word' id='word_1_186' title='bbox 1475 1950 1530 1990; x_wconf 93' lang='lat' dir='ltr'>qui</span> 
     </span>
     <span class='ocr_line' id='line_1_25' title="bbox 318 2005 1529 2045; baseline 0 -9"><span class='ocrx_word' id='word_1_187' title='bbox 318 2006 487 2037; x_wconf 88' lang='lat' dir='ltr'>discrimen</span> <span class='ocrx_word' id='word_1_188' title='bbox 520 2015 583 2036; x_wconf 90' lang='lat' dir='ltr'>non</span> <span class='ocrx_word' id='word_1_189' title='bbox 609 2006 914 2044; x_wconf 82' lang='lat' dir='ltr'>animadverterunt3</span> <span class='ocrx_word' id='word_1_190' title='bbox 943 2006 1060 2037; x_wconf 82' lang='lat' dir='ltr'>dixeris</span> <span class='ocrx_word' id='word_1_191' title='bbox 1085 2009 1201 2045; x_wconf 88' lang='lat' dir='ltr'>autem,</span> <span class='ocrx_word' id='word_1_192' title='bbox 1226 2005 1359 2036; x_wconf 92' lang='lat' dir='ltr'>Dionem</span> <span class='ocrx_word' id='word_1_193' title='bbox 1385 2006 1529 2036; x_wconf 90' lang='lat' dir='ltr'>nondum</span> 
     </span>
     <span class='ocr_line' id='line_1_26' title="bbox 318 2062 1528 2103; baseline 0 -11"><span class='ocrx_word' id='word_1_194' title='bbox 318 2062 410 2102; x_wconf 89' lang='lat' dir='ltr'>plane</span> <span class='ocrx_word' id='word_1_195' title='bbox 434 2063 596 2102; x_wconf 88' lang='lat' dir='ltr'>cognitum</span> <span class='ocrx_word' id='word_1_196' title='bbox 621 2062 719 2093; x_wconf 84' lang='lat' dir='ltr'>fuisse</span> <span class='ocrx_word' id='word_1_197' title='bbox 742 2063 790 2102; x_wconf 76' lang='lat' dir='ltr'>iis,</span> <span class='ocrx_word' id='word_1_198' title='bbox 815 2063 870 2103; x_wconf 88' lang='lat' dir='ltr'>qui</span> <span class='ocrx_word' id='word_1_199' title='bbox 895 2063 971 2093; x_wconf 84' lang='lat' dir='ltr'>haec</span> <span class='ocrx_word' id='word_1_200' title='bbox 995 2062 1188 2093; x_wconf 90' lang='lat' dir='ltr'>confundere</span> <span class='ocrx_word' id='word_1_201' title='bbox 1213 2063 1528 2102; x_wconf 88' lang='lat' dir='ltr'>potuerunt:etenim</span> 
     </span>
     <span class='ocr_line' id='line_1_27' title="bbox 318 2117 1530 2160; baseline 0 -11"><span class='ocrx_word' id='word_1_202' title='bbox 318 2119 410 2159; x_wconf 88' lang='lat' dir='ltr'>plane</span> <span class='ocrx_word' id='word_1_203' title='bbox 433 2118 579 2150; x_wconf 85' lang='lat' dir='ltr'>abhorret</span> <span class='ocrx_word' id='word_1_204' title='bbox 603 2118 803 2150; x_wconf 85' lang='lat' dir='ltr'>Corinthiaca</span> <span class='ocrx_word' id='word_1_205' title='bbox 827 2119 865 2150; x_wconf 89' lang='lat' dir='ltr'>ab</span> <span class='ocrx_word' id='word_1_206' title='bbox 890 2118 1003 2150; x_wconf 91' lang='lat' dir='ltr'>Dionis</span> <span class='ocrx_word' id='word_1_207' title='bbox 1028 2119 1153 2150; x_wconf 88' lang='lat' dir='ltr'>dicendi</span> <span class='ocrx_word' id='word_1_208' title='bbox 1176 2128 1292 2160; x_wconf 86' lang='lat' dir='ltr'>genere</span> <span class='ocrx_word' id='word_1_209' title='bbox 1312 2122 1379 2149; x_wconf 92' lang='lat' dir='ltr'>tum</span> <span class='ocrx_word' id='word_1_210' title='bbox 1395 2117 1530 2149; x_wconf 88' lang='lat' dir='ltr'>oratorio</span> 
     </span>
     <span class='ocr_line' id='line_1_28' title="bbox 319 2174 1530 2217; baseline 0.001 -12"><span class='ocrx_word' id='word_1_211' title='bbox 319 2178 385 2205; x_wconf 91' lang='lat' dir='ltr'>tum</span> <span class='ocrx_word' id='word_1_212' title='bbox 422 2175 586 2206; x_wconf 88' lang='lat' dir='ltr'>rhetorico.</span> <span class='ocrx_word' id='word_1_213' title='bbox 622 2175 799 2216; x_wconf 82' lang='lat' dir='ltr'>Praeterea,</span> <span class='ocrx_word' id='word_1_214' title='bbox 835 2186 917 2217; x_wconf 90' lang='lat' dir='ltr'>quae</span> <span class='ocrx_word' id='word_1_215' title='bbox 951 2177 984 2207; x_wconf 89' lang='lat' dir='ltr'>in</span> <span class='ocrx_word' id='word_1_216' title='bbox 1020 2176 1073 2206; x_wconf 87' lang='lat' dir='ltr'>illa</span> <span class='ocrx_word' id='word_1_217' title='bbox 1105 2175 1336 2216; x_wconf 86' lang='lat' dir='ltr'>significantur,</span> <span class='ocrx_word' id='word_1_218' title='bbox 1360 2176 1392 2205; x_wconf 93' lang='lat' dir='ltr'>in</span> <span class='ocrx_word' id='word_1_219' title='bbox 1418 2174 1530 2206; x_wconf 91' lang='lat' dir='ltr'>Dionis</span> 
     </span>
    </p>
   </div>
   <div class='ocr_carea' id='block_1_8' title="bbox 322 2251 463 2255">
    <p class='ocr_par' dir='ltr' id='par_1_9' title="bbox 322 2251 463 2255">
     <span class='ocr_line' id='line_1_29' title="bbox 322 2251 463 2255; baseline 0 0"><span class='ocrx_word' id='word_1_220' title='bbox 322 2251 463 2255; x_wconf 95' lang='lat' dir='ltr'> </span> 
     </span>
    </p>
   </div>
   <div class='ocr_carea' id='block_1_9' title="bbox 352 2297 777 2368">
    <p class='ocr_par' dir='ltr' id='par_1_10' title="bbox 352 2297 777 2368">
     <span class='ocr_line' id='line_1_30' title="bbox 352 2297 777 2328; baseline 0.002 -8"><span class='ocrx_word' id='word_1_221' title='bbox 352 2297 378 2325; x_wconf 82' lang='lat'>1)</span> <span class='ocrx_word' id='word_1_222' title='bbox 398 2297 461 2320; x_wconf 87' lang='lat' dir='ltr'>Vide</span> <span class='ocrx_word' id='word_1_223' title='bbox 479 2297 598 2321; x_wconf 78' lang='lat' dir='ltr'>Geeliurn</span> <span class='ocrx_word' id='word_1_224' title='bbox 618 2299 648 2321; x_wconf 82' lang='lat' dir='ltr'>ad</span> <span class='ocrx_word' id='word_1_225' title='bbox 666 2306 688 2328; x_wconf 85' lang='lat' dir='ltr'>p.</span> <span class='ocrx_word' id='word_1_226' title='bbox 707 2298 777 2322; x_wconf 68' lang='lat'>449³.</span> 
     </span>
     <span class='ocr_line' id='line_1_31' title="bbox 352 2336 496 2368; baseline 0.007 -9"><span class='ocrx_word' id='word_1_227' title='bbox 352 2336 379 2368; x_wconf 74' lang='lat'>2)</span> <span class='ocrx_word' id='word_1_228' title='bbox 397 2337 422 2360; x_wconf 89' lang='lat' dir='ltr'>P.</span> <span class='ocrx_word' id='word_1_229' title='bbox 441 2336 496 2360; x_wconf 76' lang='lat'>341.</span> 
     </span>
    </p>
   </div>
  </div>
 </body>
</html>
