1673 2768
743 293 779 323 11

196 383 288 420 Quod
324 385 392 425 ipse
427 388 490 415 tam
521 395 621 425 pauca
646 385 861 423 adnotaverat,
887 387 1016 417 minime
1041 387 1160 427 placuit
1185 388 1251 417 viro
1277 388 1367 418 docto

151 440 287 480 cuidam,
319 443 375 481 qui
407 441 446 472 de
469 442 608 472 editione
632 442 788 472 iudicium
813 442 888 473 fecit
913 443 944 472 in
971 443 1079 482 diariO,
1104 444 1155 473 cui
1181 453 1295 474 nomen
1322 449 1368 474 est

153 496 343 536 „Jenai'sche
368 497 450 538 Allg.
475 497 582 529 Litter.
607 497 696 529 Zeit'’
715 497 743 535 ¹).

195 553 282 584 Bake
316 555 363 584 ira
400 558 579 585 commotus
615 556 754 585 amicum
792 565 886 586 suum
920 555 1059 586 defendit
1091 556 1122 585 in
1149 556 1259 595 diario,
1284 556 1369 596 quod

150 609 336 640 inscribitur
362 611 453 651 „Alg.
478 610 595 642 Konst-
621 621 660 642 en
685 611 893 642 Letterbode⁷‘
911 610 940 649 ¹).

193 665 230 696 In
263 665 461 697 Bibliotheca
493 668 602 698 critica
635 677 717 698 nova
733 666 754 705 2)
781 667 855 699 Geel
880 668 927 698 illi
953 668 1076 698 censori
1101 671 1131 698 et
1155 668 1216 698 alia
1240 672 1269 698 et
1294 668 1370 699 haec

149 722 328 762 respondit:
368 722 591 763 „Cavebimus,
626 723 749 763 Batavi,
780 723 831 753 σὺν
864 724 937 762 Θεῷ,
973 733 1012 755 ne
1036 733 1117 764 resp.
1141 727 1250 754 nostra
1276 724 1366 755 detri-

149 782 293 810 mentum
329 780 512 820 capiat....
550 779 763 811 Concedimus
799 780 968 819 Germano,
1000 790 1055 821 per
1087 780 1215 821 aliquod
1241 783 1366 821 tempus

149 836 307 876 torpuisse
343 836 538 867 Batavorum
575 838 704 877 ingenia
737 837 776 868 ad
800 837 856 868 has
880 837 988 868 literas
1013 837 1289 876 recolendas,....
1314 837 1369 868 sed

148 895 323 932 assurgunt
347 893 500 933 paulatim
525 893 563 923 ab
589 893 643 923 illo
668 894 830 934 languore,
857 893 942 934 quod
967 894 1029 924 nisi
1050 892 1169 924 Censor
1191 893 1369 924 Germanus

149 949 197 979 his
222 950 390 989 postremis
413 950 506 980 annis
531 950 762 989 animadvertit,
786 951 887 991 ipsius
911 951 1057 981 inertiam
1085 949 1222 980 notabo'’
1237 948 1268 988 3).

193 1005 241 1036 Ita
277 1006 368 1046 quasi
403 1006 556 1046 praelusit
581 1007 747 1037 certamini
771 1007 826 1046 illi,
851 1007 937 1047 quod
961 1016 1017 1047 per
1041 1007 1155 1048 viginti
1179 1007 1244 1037 fere
1267 1017 1369 1037 annos

148 1071 315 1093 conserere
339 1072 403 1093 non
428 1063 556 1094 destitit.

192 1118 230 1149 In
263 1122 361 1150 totam
393 1119 481 1150 illam
515 1122 802 1150 commentatorum
826 1120 987 1150 nationem
1013 1120 1126 1150 acriter
1150 1120 1296 1150 invectus
1321 1122 1368 1150 est

148 1176 180 1206 in
205 1168 444 1207 Auecdotorum
469 1175 831 1207 Hemsterhusianorum
857 1176 1066 1217 praefatione:
1095 1177 1201 1216 „viget
1221 1176 1271 1207 his
1291 1179 1368 1206 tem-

148 1231 280 1273 poribus
315 1234 617 1263 commentariorum
654 1233 807 1271 studium‚
843 1236 881 1271 et,
914 1234 1056 1273 exceptis
1089 1232 1264 1271 Creuzeris,
1288 1232 1368 1263 Her-

149 1289 283 1328 mannis,
319 1288 495 1329 Lobeckiis,
524 1289 685 1329 Boekhiis,
718 1290 897 1330 horumque
922 1290 1051 1320 heroum
1078 1289 1258 1327 simillimis,
1283 1292 1368 1329 pote-

148 1355 213 1376 ram
253 1346 370 1377 multos
400 1347 528 1385 imitari,
560 1347 615 1387 qui
639 1346 791 1377 Veterum
819 1347 960 1387 ipsorum
986 1346 1155 1377 lectionem
1182 1355 1236 1386 pro
1261 1346 1368 1376 minus

180 1479 206 1510 1)
226 1480 308 1504 Mens.
327 1481 382 1504 lau.
402 1488 424 1504 a.
444 1479 518 1504 1826.
537 1480 573 1504 Ex
592 1488 644 1511 quo
663 1480 760 1504 iudicio
780 1480 845 1504 Bibl.
865 1487 901 1504 cr.
920 1488 979 1504 nov.
995 1480 1050 1504 Vol.
1070 1480 1100 1510 11,
1116 1488 1141 1511 p.
1156 1479 1205 1503 318
1216 1480 1279 1503 haec
1290 1479 1368 1503 allata

146 1521 221 1543 suut:
251 1519 331 1550 „aber
358 1520 453 1543 leiderl
482 1519 514 1543 ist
542 1527 603 1543 man
630 1520 702 1543 diese
730 1520 914 1550 Erscheinung
934 1520 981 1550 hey
1002 1519 1202 1543 hollandischen
1224 1518 1368 1542 Gelehrten

147 1559 228 1582 sehon
254 1559 388 1590 gewohnt,
415 1559 456 1582 die
483 1559 620 1583 entweder
645 1567 674 1583 zu
695 1559 809 1590 hequem
829 1559 892 1582 oder
910 1567 941 1582 zu
962 1559 1090 1583 voruehm
1109 1559 1177 1584 sind.
1195 1565 1241 1582 um
1260 1559 1308 1582 anf
1323 1558 1368 1581 das

147 1597 332 1622 Nachbarland
361 1598 507 1622 Rucksicht
534 1607 564 1622 zu
594 1599 719 1628 nehmen,
746 1599 862 1622 obschon
891 1599 928 1622 sie
950 1599 1036 1622 weder
1055 1606 1085 1622 zu
1105 1599 1164 1622 dein
1188 1598 1280 1626 Einen,
1302 1598 1368 1621 noch

146 1645 178 1662 zu
203 1638 262 1662 dem
290 1639 398 1662 Andern
425 1639 541 1663 Ursache
568 1638 663 1662 haben.
682 1638 724 1662 Sie
744 1639 839 1668 ruhen,
859 1638 908 1662 wie
927 1638 969 1662 die
989 1638 1187 1662 srancosischen
1206 1637 1370 1668 Philologeu,

146 1678 194 1701 auf
209 1678 260 1701 den
280 1678 413 1702 Lorbeern
434 1678 507 1701 ihrer
527 1678 673 1701 Vorsahren
687 1686 692 1707 ;
711 1678 773 1701 aber
792 1686 805 1702 c
816 1685 830 1701 a
842 1685 855 1700 v
866 1685 880 1701 e
890 1685 905 1701 a
916 1686 932 1701 n
945 1681 954 1701 t
972 1686 984 1701 s
995 1678 1003 1701 i
1014 1678 1028 1701 b
1040 1678 1047 1701 i
1059 1697 1064 1707 ,
1083 1685 1099 1701 11
1110 1685 1124 1701 e
1144 1685 1180 1701 re
1191 1685 1203 1701 s
1214 1685 1229 1708 p
1242 1685 1257 1700 u
1270 1677 1284 1700 b
1295 1677 1303 1700 l
1314 1677 1320 1700 i
1332 1684 1345 1700 c
1355 1684 1369 1700 a

146 1725 158 1741 s
169 1725 185 1740 u
196 1725 210 1740 a
237 1717 252 1740 d
264 1720 297 1741 et
310 1717 376 1741 rim
386 1725 400 1741 e
411 1725 428 1741 n
441 1720 477 1741 tu
490 1725 513 1741 ni
542 1726 554 1741 c
565 1726 579 1741 a
590 1718 647 1748 pia
660 1717 701 1741 Μ’
731 1718 834 1748 Belgice
854 1717 988 1741 redditum
1006 1720 1062 1741 erat
1083 1720 1169 1740 totum
1190 1716 1319 1740 iudicium
1340 1716 1366 1739 in

146 1757 238 1787 diario,
256 1757 299 1781 cui
318 1764 414 1781 nomen
434 1760 474 1780 est
493 1757 566 1789 „A1g.
587 1757 668 1781 Koust
700 1765 733 1781 en
752 1757 926 1781 Letterbode''
947 1756 1045 1781 a.1S⁴.).6
1062 1758 1140 1787 (part.
1152 1756 1169 1780 Ι.
1181 1754 1368 1787 ρΆΞΟῙι-ξῖθὸ),

147 1797 193 1820 ubi
215 1797 350 1827 vocabula,
368 1804 436 1828 quae
455 1800 517 1821 sunt
538 1797 685 1828 „hequem”
705 1800 731 1820 et
751 1796 922 1827 „x·or11elim'’,
942 1797 1044 1820 reddita
1063 1799 1139 1820 erant
1158 1796 1291 1820 vocabulis
1310 1795 1370 1826 „be-

147 1836 266 1860 kwaam''
287 1839 312 1860 et
332 1836 516 1867 „voornaam''.
542 1837 612 1860 Bake
631 1837 678 1867 (1.1.
698 1844 721 1867 p.
739 1836 885 1866 228—230)
904 1837 944 1860 liis
964 1836 1097 1860 vocabulis
1117 1836 1167 1859 rite
1187 1836 1290 1866 Belgice
1310 1834 1370 1858 red—

146 1876 208 1900 ditis
235 1876 271 1899 ita
299 1876 398 1907 pergit:
423 1876 477 1907 „En
502 1884 538 1900 nu
559 1879 673 1900 verstant
693 1877 724 1900 de
744 1876 920 1900 Hollandsche
941 1876 1009 1900 lezer
1027 1878 1098 1899 eerst
1117 1878 1173 1906 regt
1193 1875 1224 1899 de
1245 1875 1368 1905 meening

147 1923 197 1940 van
216 1915 267 1939 den
287 1915 453 1940 recensent”.

180 1955 285 1979 Naecke
314 1956 361 1979 hac
386 1955 418 1979 de
437 1963 465 1979 re
484 1956 573 1980 Geelio
592 1955 616 1979 d.
633 1955 656 1979 7.
677 1962 710 1979 m.
730 1955 806 1979 Febr.
823 1963 846 1979 a.
864 1954 928 1979 1827
949 1955 1055 1985 scripsit
1073 1955 1178 1985 (literae
1196 1955 1369 1977 asservantur

146 1995 174 2019 in
200 1995 339 2019 Tabulario
367 1995 545 2019 Bibliothecae
572 1995 733 2026 Leidensis):
762 1994 830 2026 „Oro
858 1996 937 2025 atque
965 1995 1102 2023 admoneo,
1130 1997 1159 2017 ut
1186 1994 1207 2017 si
1234 1993 1285 2016 tale
1303 1992 1367 2023 quid

146 2037 285 2058 sonantem
304 2042 395 2059 vocem
414 2042 444 2058 ex
465 2034 606 2058 Germania
626 2035 768 2064 audiveris,
788 2042 888 2064 caveas,
908 2042 940 2058 ue
959 2034 1150 2058 commovearis
1169 2032 1368 2061 vehementius;

146 2074 250 2103 deinde,
277 2077 306 2098 ut
334 2075 432 2106 cogites
450 2082 556 2105 semper
575 2082 665 2098 vocem
683 2082 740 2098 esse
760 2074 868 2098 unans'.
887 2074 916 2097 In
936 2074 1028 2097 eodem
1045 2073 1184 2097 Tabulario
1202 2072 1282 2096 etiam
1302 2071 1365 2095 Nie-

146 2113 236 2137 huhrii
256 2114 303 2138 hac
321 2114 353 2137 de
372 2121 400 2138 re
419 2113 534 2145 epistula
553 2116 714 2138 asservatur.
733 2113 783 2145 (Cf.
802 2113 948 2145 Epilogus).

178 2152 206 2183 2)
226 2153 280 2177 Vol.
299 2153 332 2183 11,
350 2161 374 2184 p.
393 2152 535 2177 317-319,

179 2191 206 2223 3)
224 2192 389 2220 Quibuscum
416 2193 480 2217 haec
508 2193 648 2217 Niebuhrii
673 2193 844 2217 consentiunt
865 2192 969 2223 (literae
988 2192 1037 2215 hae
1056 2199 1162 2222 quoque
1180 2192 1207 2214 in
1225 2190 1364 2215 Tabulario

147 2231 324 2256 Bibliothecae
343 2232 479 2256 Leidensis
496 2233 696 2262 asservantur):
718 2232 803 2263 „Vous
824 2239 900 2263 ’,ὀξεῖ
911 2239 962 2263 que
974 2239 1040 2256 nous
1050 2232 1160 2255 tachons
1170 2231 1201 2254 de
1213 2231 1276 2254 faire
1287 2230 1366 2253 sortir

147 2273 216 2295 cette
235 2272 302 2295 belle
321 2271 447 2302 Ripuaria
466 2272 500 2295 du
521 2272 642 2297 sommeil
661 2271 804 2296 d'inaction
822 2272 856 2296 ou
867 2271 916 2295 elle
927 2279 941 2295 a
953 2272 1043 2302 vegete
1054 2271 1147 2301 depuis
1159 2271 1222 2294 trois
1233 2269 1366 2294 seiecles'ss

148 2310 184 2340 (d.
203 2310 234 2334 13
253 2318 287 2335 in.
315 2311 390 2335 Febr.
409 2318 431 2335 a.
449 2310 534 2343 1827).
