1673 2768
885 288 947 316 118

306 389 368 420 quo
404 379 568 410 Hermann
604 380 665 410 iam
703 389 781 410 usus
816 382 891 419 erat,
925 379 1016 409 cuius
1051 381 1155 408 tamen
1189 387 1302 408 nomen
1328 387 1392 408 non
1421 376 1520 407 affert.

350 436 594 467 Phoenissarum
628 436 890 466 commentarium
916 434 1156 474 angustioribus
1180 433 1299 464 finibus
1324 443 1419 474 quam
1446 432 1522 463 Dio-

307 493 356 523 nis
390 493 589 523 terminavit:
626 493 791 532 pauciores
824 493 856 522 in
882 491 934 521 illo
960 491 1169 529 coniecturae,
1195 500 1275 531 quae
1300 491 1459 530 pertinent
1483 489 1522 520 ad

306 549 384 579 alios
420 549 597 589 scriptores,
632 549 849 579 inveniuntur.
886 547 959 586 Eae,
996 556 1077 587 quae
1110 548 1142 577 in
1175 547 1393 577 commentarii
1419 546 1523 576 indice

306 608 507 642 annotantur,
533 615 645 645 magna
669 614 709 635 ex
734 608 821 645 parte
845 604 883 634 ad
908 604 1064 644 Tragicos,
1086 604 1255 644 praecipue
1275 604 1313 633 ad
1328 603 1523 643 Euripidem,

307 662 450 691 attinent.
493 660 606 701 Neque
648 662 692 691 ita
727 662 854 700 copiose
889 660 926 690 de
962 660 1099 700 singulis
1137 659 1378 700 quaestionibus
1415 659 1524 690 scribit

308 727 411 757 neque
446 718 489 747 ita
521 718 662 747 excurrit
679 715 715 757 ¹),
747 720 781 746 ut
805 717 967 747 interdum
992 717 1024 746 in
1051 715 1163 746 Dionis
1188 716 1432 747 commentario:
1461 716 1524 756 ple-

309 783 407 813 raque
441 774 601 813 pertinent
635 773 675 803 ad
711 772 895 812 Euripidem
931 776 962 803 et
997 772 1177 812 Euripidea,
1213 772 1251 802 ad
1288 773 1383 802 huius
1416 774 1525 812 poetae

309 830 445 860 indolem
479 830 612 869 eiusque
639 829 677 859 de
701 833 815 859 natura
840 829 980 859 humana
1004 830 1227 869 cognitionem,
1253 829 1291 859 ad
1316 838 1380 859 rem
1406 830 1525 859 scaeni-

309 896 377 916 cam
415 890 445 916 et
480 895 684 926 personarum
723 885 923 925 divisionem,
955 885 993 915 ad
1026 886 1272 926 Aristophanem
1309 886 1341 915 in
1372 885 1471 916 Ranis
1496 889 1526 916 et

311 942 496 973 Phoenissis
522 941 707 982 Euripidem
732 942 924 972 irridentem.

355 998 456 1029 Multa
479 998 674 1028 Batavorum
700 999 827 1028 nomina
853 998 981 1028 honoris
1006 1008 1102 1028 causa
1122 1000 1154 1028 in
1176 998 1402 1029 commentario
1416 998 1526 1038 legun-

311 1059 380 1085 tur:
416 1060 539 1095 praeter
576 1054 731 1094 Grotium,
767 1054 1042 1093 Valckenaerium,
1074 1054 1352 1085 Hemsterhusium
1379 1055 1527 1095 deinceps

311 1113 465 1142 nominati
509 1115 539 1142 et
575 1111 693 1142 laudati
730 1115 805 1142 sunt
840 1110 947 1147 Cobet,
985 1111 1119 1150 Hecker,
1155 1111 1325 1150 Hamaker,
1360 1111 1527 1151 Pluygers,

312 1168 451 1209 Camper,
475 1168 577 1207 Sterk,
596 1167 783 1199 Bakhuizen
805 1178 866 1198 van
881 1168 940 1199 den
954 1167 1240 1207 Brink,Leemans‚
1254 1167 1450 1208 Peerlkamp,
1463 1167 1526 1198 alii.

355 1225 474 1256 Eadem
510 1226 652 1255 suavitas
687 1228 717 1255 et
751 1224 896 1255 alacritas
931 1225 1098 1263 sermonis,
1130 1234 1212 1265 quae
1237 1225 1268 1254 in
1295 1223 1472 1265 Olympico,
1494 1225 1527 1254 in

312 1281 559 1313 Phoenissarum
592 1282 818 1312 commentario
851 1282 1076 1319 inveniuntur;
1103 1281 1243 1312 abundat
1268 1281 1407 1321 ingenio,
1431 1281 1530 1312 delec-

311 1341 356 1369 tat
380 1342 443 1369 tam
468 1338 612 1368 doctrina
636 1347 732 1378 quam
757 1337 904 1368 sollertia.

357 1450 375 1489 ἓ
400 1451 428 1480 2.
463 1449 624 1490 Aequales
661 1448 771 1489 Geelii,
803 1458 875 1479 cum
910 1448 1077 1489 populares
1102 1452 1170 1478 tum
1196 1449 1331 1488 externi,
1356 1458 1436 1488 opus
1461 1448 1529 1478 eius

312 1507 343 1537 in
372 1507 557 1537 universum
583 1506 683 1546 gratis
707 1506 822 1536 animis
847 1508 1045 1546 acceperunt.

356 1563 392 1594 Id
419 1563 557 1603 quidem,
583 1562 668 1602 quod
694 1562 732 1593 de
757 1562 855 1593 Geelii
876 1562 1060 1593 Phoenissis
1081 1563 1234 1602 scriptum
1250 1562 1408 1602 legiturin
1423 1562 1530 1600 diario,

313 1621 365 1651 cui
390 1629 505 1650 nomen
533 1618 748 1659 „Algemeene
773 1618 890 1649 Konst-
916 1629 955 1649 en
978 1618 1186 1649 Letterbode'’
1201 1616 1241 1659 2),
1256 1622 1356 1649 totum
1371 1618 1530 1649 imbutum

313 1681 360 1708 est
392 1677 553 1707 suavitate
584 1676 638 1706 illa
671 1676 807 1715 decocta,
839 1686 901 1716 qua
926 1676 957 1706 id
982 1676 1132 1716 temporis
1157 1676 1324 1715 scriptores
1349 1685 1423 1715 erga
1447 1676 1530 1706 viros

315 1737 511 1775 praestantes
536 1733 716 1772 utebantur,
741 1733 795 1764 sed
821 1733 976 1763 iudicium
1002 1732 1090 1762 nullo
1116 1732 1207 1762 modo
1232 1732 1295 1762 diei
1316 1735 1425 1772 potest.
1440 1731 1530 1762 Com-

315 1792 471 1830 mentarii,
502 1791 558 1831 qui
589 1790 812 1821 inscribuntur
846 1790 904 1829 „de
937 1788 1045 1828 Gids”,
1069 1791 1255 1819 tacuerunt:
1280 1787 1466 1819 Bakhuizen
1491 1797 1531 1819 ex

314 1848 566 1888 peregrinatione
592 1847 734 1877 nondum
759 1846 902 1877 redierat.
927 1846 1047 1876 Privati
1071 1846 1102 1875 in
1129 1846 1230 1886 patria
1249 1845 1429 1886 complures
1449 1845 1531 1876 iudi—

315 1906 399 1935 cium
425 1904 632 1945 protulerunt,
655 1904 739 1934 inter
763 1912 844 1943 quos
868 1902 1005 1933 Karsten
1030 1905 1060 1933 et
1085 1901 1245 1932 Hamaker
1259 1899 1291 1940 ³).

359 1960 585 2002 Ephemerides
609 1960 765 1991 literariae
789 1959 1014 2000 Gottingenses
1038 1969 1063 1989 a.
1092 1957 1173 1988 1847
1199 1967 1299 1998 pauca
1312 1959 1532 1989 tantummodo

349 2109 375 2139 1)
394 2107 577 2132 Meinorabiles
603 2110 666 2131 sunt
694 2108 806 2131 maiores
830 2107 1014 2130 annotationes
1031 2106 1063 2129 de
1082 2106 1218 2136 sculptura
1237 2107 1274 2136 (p.
1292 2105 1352 2135 176)
1371 2108 1396 2130 et
1416 2106 1447 2129 de
1470 2106 1532 2130 Plu-

317 2148 402 2171 tarchi
421 2154 517 2178 genere
537 2147 640 2170 dicendi
660 2147 695 2177 (p.
711 2146 781 2176 ⁴214).

349 2187 375 2213 2)
395 2187 424 2210 Α.
442 2186 506 2210 1847
527 2193 550 2216 p.
569 2185 675 2209 56—(50.

349 2226 376 2255 3)
395 2226 431 2250 Cf.
459 2225 540 2249 Geelii
559 2226 589 2248 ad
609 2225 779 2249 Karstenium
799 2225 874 2248 datae
893 2224 1031 2255 epistulae,
1049 2231 1116 2254 quae
1136 2226 1308 2247 asservantur
1326 2224 1353 2247 in
1373 2224 1532 2248 Bibliotheca

318 2265 448 2294 Leidensi7
466 2268 489 2288 et
517 2265 646 2295 epistulae
665 2264 746 2288 Geelii
765 2264 794 2287 ad
817 2264 994 2287 llamnkerum
1013 2263 1097 2293 datae,
1117 2270 1184 2293 quae
1203 2263 1330 2293 leguntur
1348 2263 1416 2293 apud
1437 2263 1533 2287 Hama-

319 2305 409 2328 kerani
428 2312 451 2335 p.
471 2303 499 2327 91
521 2312 577 2334 sqq.
