1673 2768
717 308 735 337 3

119 400 302 440 sumptibus
327 404 450 431 textum
476 400 631 431 Theocriti
656 401 694 430 ad
715 400 807 431 fidem
831 402 1021 441 optimarum
1045 402 1220 432 editionum
1242 412 1334 433 accu-

118 457 276 487 ratissime
305 457 523 497 descripturus
548 461 623 496 erat,
647 457 882 498 depravataque
906 457 1141 488 emendaturus.
1172 459 1234 497 „At
1258 462 1335 489 tem-

119 523 230 553 porum
270 512 473 544 difficultates
509 513 617 552 (verba
651 517 727 544 sunt
763 513 863 544 Geelii
899 514 932 544 in
968 513 1177 551 Praefatione)
1217 515 1336 555 aliique

118 569 272 609 inopinati
303 579 396 600 casus
429 570 525 600 huius
559 570 684 601 consilii
716 570 801 600 haud
833 570 983 610 exiguam
1017 573 1136 610 partem
1163 571 1335 611 intercepe-

118 628 200 656 runt.
236 625 389 656 Renanus
421 627 505 657 enim
539 626 596 657 Vir
622 626 723 657 Celeb.
749 627 782 656 in
810 626 899 657 Juris
925 625 1079 657 Cathedra
1102 627 1335 657 Amstelodami

118 683 320 721 constitutus,
355 683 417 712 iam
452 682 655 723 gravioribus
688 683 822 723 negotiis
856 685 1040 723 occupatus,
1065 683 1160 713 huius
1186 683 1334 713 editionis

118 739 312 779 provinciam
347 739 510 769 mandavit
530 738 740 769 Hamakero”.
761 738 979 779 Hengstianae
1003 748 1124 779 operae,
1149 748 1230 779 quae
1254 738 1334 770 Hes-

119 795 218 825 sianis
253 798 484 834 successerant,
519 795 582 825 iam
616 794 790 825 Hamakeri
822 795 1000 825 inchoatam
1033 796 1269 826 annotationem
1302 796 1333 825 in

117 851 243 882 Scholia
279 860 383 892 usque
419 851 458 882 ad
490 852 636 892 paginam
664 852 728 881 248
753 852 994 892 descripserant,
1022 846 1269 890 „cumsubito”
1296 870 1333 873 -—

118 909 160 938 ita
197 907 274 939 Geel
310 909 410 949 pergit
448 926 487 930 —
526 908 711 947 „deficiente
743 908 863 939 scilicet
896 908 1008 938 idonea
1033 908 1149 947 charta,
1173 908 1223 938 hic
1247 907 1336 938 labor

118 964 370 1005 abrumperetur,
405 968 501 1005 atque
526 974 619 1005 porro
643 965 685 995 ita
709 968 856 1004 cessaret,
882 968 916 995 ut
941 967 1042 995 totum
1067 964 1147 994 illud
1171 965 1334 1005 negotium

121 1021 158 1051 ad
195 1023 355 1052 aeternam
394 1020 586 1052 oblivionem
619 1024 761 1062 spectare
791 1021 963 1052 videretur.
986 1020 1203 1052 Hamakerum
1229 1024 1333 1051 autem

118 1078 244 1108 interim
279 1077 524 1118 Franequeram,
556 1078 631 1109 inde
661 1077 801 1117 Leidam,
825 1077 964 1108 obeundi
988 1078 1130 1108 muneris
1155 1077 1336 1118 professorii

118 1143 215 1165 causa
248 1138 407 1173 vocatum,
441 1138 580 1166 exeunte
611 1144 695 1165 anno
721 1135 893 1175 superiore,
917 1133 1106 1175 Hengstius,
1129 1134 1179 1164 vir
1203 1134 1336 1164 ornatis-

119 1191 229 1230 simus,
269 1191 434 1222 certiorem
471 1191 556 1231 facit,
591 1201 625 1222 se
659 1191 787 1222 tandem
824 1191 921 1222 huius
956 1192 1094 1230 rarioris,
1130 1194 1166 1221 ut
1201 1191 1335 1230 videtur,

117 1247 244 1278 chartae
276 1248 398 1288 copiam
432 1257 448 1279 e
481 1247 583 1278 Gallia
608 1250 737 1278 nactum
764 1257 842 1286 esse,
867 1247 987 1288 diuque
1010 1248 1229 1278 intermissum
1256 1257 1335 1288 opus

118 1304 293 1335 instaurari
325 1313 426 1344 posse,
458 1304 630 1334 dummodo
658 1304 711 1335 ille
736 1307 791 1334 aut
816 1307 970 1334 caeteram
999 1305 1030 1334 in
1055 1303 1180 1334 Scholia
1206 1306 1336 1334 annota-

119 1361 239 1392 tionem
265 1360 453 1399 absolveret,
478 1364 533 1391 aut
557 1360 721 1391 absolutae
745 1360 806 1391 sibi
830 1364 1018 1401 potestatem
1044 1359 1193 1391 faceret‘'.

164 1416 325 1447 Hamaker
348 1417 411 1448 illis
436 1417 633 1458 temporibus
654 1418 686 1447 in
708 1417 807 1448 literis
827 1416 1034 1447 orientalibus
1058 1417 1186 1457 penitus
1211 1415 1336 1447 defixus

120 1484 138 1504 a
169 1473 286 1513 Geelio,
313 1473 387 1504 olim
413 1473 642 1514 condiscipulo,
665 1477 743 1504 tunc
767 1474 878 1512 amico,
902 1473 1022 1513 petivit,
1047 1475 1082 1503 ut
1105 1482 1239 1503 vacuam
1264 1481 1334 1512 pro-

120 1531 256 1561 vinciam
282 1534 460 1571 occuparet.
485 1530 544 1561 Ille
568 1540 762 1570 quamquam
788 1530 890 1560 amico
911 1529 1068 1570 flagitanti
1089 1538 1208 1559 morem
1228 1529 1335 1569 gessit,

120 1590 225 1619 tamen
260 1587 392 1619 fatetur:
431 1587 536 1626 „hunc
567 1586 696 1626 librum,
720 1587 837 1627 quippe
860 1586 953 1617 cuius
978 1585 1040 1616 fata
1063 1595 1136 1616 cum
1160 1588 1206 1616 tot
1229 1594 1335 1616 rerum

121 1643 387 1675 conversionibus
421 1643 541 1674 fuerint
577 1644 757 1682 coniuncta,
792 1642 867 1673 inde
899 1642 1038 1682 aliquam
1071 1641 1173 1672 labem
1198 1641 1249 1671 hic
1272 1641 1337 1671 illie

120 1701 334 1731 contraxisse:
361 1703 396 1731 ut
421 1700 499 1730 mihi
522 1701 555 1730 in
580 1699 747 1730 scribendo
771 1698 908 1730 subinde
930 1698 1070 1729 taedium
1092 1698 1236 1737 oriretur,
1249 1706 1336 1738 prae-

121 1757 229 1788 sertim
265 1767 338 1788 cum
375 1756 527 1794 viderem,
561 1757 646 1787 intra
681 1759 743 1786 tam
778 1756 930 1796 exiguum
965 1758 1101 1795 tempus,
1131 1754 1220 1793 nihil,
1252 1753 1337 1794 quod

121 1813 222 1844 bonae
246 1813 349 1854 frugis
374 1815 467 1853 esset,
490 1812 664 1844 lectoribus
688 1822 705 1843 a
729 1821 779 1843 me
802 1812 917 1852 apponi
942 1810 1056 1852 posse*
1074 1809 1104 1847 ¹).

165 1869 256 1907 Quod
281 1870 421 1901 taedium
448 1871 565 1901 mansit
589 1870 682 1901 etiam
706 1871 831 1910 postea:
857 1878 922 1899 uno
946 1870 1070 1898 tantum
1095 1867 1164 1897 loco
1189 1884 1229 1888 —
1252 1865 1337 1906 quod

123 1927 221 1958 sciam
248 1945 287 1949 —
314 1927 412 1957 huius
443 1926 592 1957 editionis
623 1935 746 1957 memor
776 1925 844 1956 fuit.
868 1924 905 1955 In
930 1923 1146 1954 Bibliothecae
1170 1932 1211 1953 cr.
1237 1931 1338 1952 novae

152 2087 178 2117 1)
196 2087 262 2111 Cum
281 2087 374 2118 viginti
395 2093 447 2110 uno
465 2086 542 2109 annis
561 2087 618 2116 post
639 2084 745 2108 Parisiis
765 2083 872 2107 Dfibner
891 2090 905 2106 a
925 2082 1020 2106 Cobeto
1039 2084 1149 2112 peteret,
1163 2084 1194 2118 ut
1211 2081 1335 2105 Theocri-

120 2129 178 2150 tum
204 2127 303 2155 ederet,
331 2125 410 2158 „deed
436 2125 481 2148 ik’'
500 2139 531 2142 -
550 2125 586 2148 ita
605 2124 685 2148 Cobet
705 2123 793 2147 Geelio
812 2122 917 2153 scripsit
936 2136 968 2139 —
987 2122 1064 2152 „hem
1083 2121 1208 2151 gevoelen
1228 2120 1272 2144 dat
1291 2121 1336 2143 het

120 2173 186 2197 geen
213 2165 366 2196 kinderspel
394 2172 447 2188 was
473 2165 501 2188 iu
529 2171 610 2188 onzen
638 2163 684 2195 tijd
714 2170 779 2186 eene
806 2162 886 2186 editie
906 2169 955 2185 van
975 2161 1130 2185 Theocritus
1148 2163 1175 2184 te
1193 2167 1286 2191 geven,
1304 2167 1335 2183 en

121 2205 223 2229 bewees
241 2206 302 2229 hem
321 2205 364 2228 dat
383 2204 415 2228 de
434 2206 549 2235 grootste
569 2203 733 2232 literatoren,
751 2202 814 2226 zelss
833 2201 1004 2230 Valckenaer,
1026 2208 1054 2224 er
1073 2200 1127 2223 niet
1145 2200 1240 2223 zonder
1250 2199 1339 2223 kleer-

121 2245 252 2268 scheuren
280 2252 368 2268 waren
397 2244 561 2275 asgekomen.
580 2243 633 2266 Met
652 2245 741 2273 groote
762 2240 1019 2271 verontwaardiging
1037 2242 1121 2269 (want
1140 2239 1166 2262 ik
1183 2246 1237 2262 was
1255 2245 1338 2262 waar-

121 2284 167 2315 lijk
187 2284 278 2307 kwaad
298 2284 439 2315 gewordeu
457 2290 489 2313 op
508 2283 540 2306 de
558 2280 778 2312 Editienfabriek)
798 2281 927 2310 verwierp
947 2280 972 2303 ik
993 2279 1037 2302 het
1057 2278 1195 2302 voorstel’'.
1213 2278 1338 2308 (Brieven

123 2331 172 2347 van
191 2323 271 2347 Cobet
289 2330 338 2347 ann
357 2322 428 2352 Geel,
449 2330 473 2353 p.
491 2321 543 2351 64).
