1673 2768
691 313 731 342 53

104 406 308 446 praecipuum
345 404 488 444 babetur,
520 405 574 436 sed
607 408 734 446 propter
758 406 898 446 ipsorum
924 406 1016 435 etiam
1042 406 1129 436 dotes
1154 409 1184 436 et
1207 406 1316 435 facun-

104 462 186 492 diam
212 471 230 491 a
253 461 411 491 tironibus
436 461 625 502 expetatur”
643 460 672 499 1).

147 517 295 558 Denique
330 516 500 557 Fritzsche,
538 519 630 548 cuius
658 517 876 557 „Lucianum”
901 518 962 548 iam
988 518 1079 548 attuli
1104 519 1135 548 in
1161 527 1197 548 ea
1221 520 1317 558 parte,

105 584 167 614 qua
204 573 241 604 de
276 572 570 604 Hemsterhusianis
606 575 655 614 egi
671 572 702 613 2),
735 574 790 614 qui
815 576 844 604 et
868 574 900 603 in
925 573 1205 604 Hemsterhusium
1230 576 1260 604 et
1282 574 1314 603 in

105 629 248 660 Geelium
293 629 406 669 probra
440 630 565 669 iecerat,
601 630 658 660 hoc
696 630 789 660 modo
825 630 956 670 vapulat
970 628 1008 668 3):
1049 630 1101 669 „Si
1137 630 1317 663 statimab

103 687 193 717 initio
226 686 346 725 dixero,
378 685 540 717 Editorem
569 686 743 717 Hermanni
770 686 962 727 discipulum
988 695 1066 726 esse,
1091 686 1222 717 multam
1248 696 1317 717 eru-

103 743 268 782 ditionem,
300 743 345 773 rei
377 744 602 783 grammaticae
633 744 787 783 peritiam,
822 743 982 774 iudicandi
1008 746 1163 783 promtam
1187 743 1318 773 facilita-

102 802 176 838 tem,
212 799 337 839 egregia
374 800 505 839 quaevis
530 800 727 840 expectanda
752 809 844 830 nemo
870 810 933 830 non
959 800 1090 830 sentiet:
1116 809 1196 840 quas
1220 799 1317 830 facul-

101 858 181 886 tates
226 865 326 896 quum
365 855 456 886 multi
492 859 693 896 praepostere
728 856 922 896 impendant,
960 866 1000 887 ex
1036 856 1148 886 horum
1184 866 1317 886 numero

100 911 314 943 Fritzschium
351 912 557 942 eximendum
591 913 634 942 ita
667 912 758 952 duco,
782 915 816 943 ut
840 915 902 943 tam
928 913 1104 953 praeclaras
1129 912 1217 943 dotes
1241 913 1317 943 satis

100 969 132 998 in
160 978 196 999 eo
222 968 403 1008 praedicare
427 977 600 1008 nequeam:
628 968 745 1009 quibus
770 970 796 999 si
822 969 950 1009 quando
975 969 1128 1000 modestia
1141 969 1317 1008 accesserit,

101 1024 256 1065 augendis
289 1024 451 1055 doctrinae
483 1025 648 1065 praesidiis
676 1035 712 1056 ea
736 1026 867 1056 exsistet
891 1025 1049 1066 perfectio,
1074 1035 1156 1066 quae
1180 1025 1315 1056 aliorum

103 1090 230 1112 movere
255 1081 407 1111 invidiam
434 1081 555 1122 possit''
570 1081 600 1119 ⁴).

144 1137 318 1168 Volumine
354 1137 409 1167 IV.
446 1147 559 1168 novem
599 1147 772 1176 „censurae
830 1137 929 1169 Geelii
961 1139 1175 1177 continentur,
1200 1137 1317 1178 quibus

100 1194 272 1225 laudantur
297 1204 390 1234 opera
415 1193 565 1225 Meinekii
579 1193 610 1234 5),
632 1194 779 1225 Grauerti
797 1194 828 1234 6),
848 1194 1007 1226 Welckeri
1021 1194 1052 1234 7),
1065 1194 1097 1225 L.
1112 1194 1269 1225 Dindorfii
1284 1194 1317 1235 8)‚

100 1250 347 1289 Stallbaumii9),
384 1249 586 1290 Voorstii10),
620 1249 851 1290 Niebuhrii11),
883 1251 1093 1292 Peerlkampii
1109 1250 1162 1290 12);
1189 1254 1313 1282 tantum

100 1306 175 1338 Maii
199 1306 377 1346 Polybiana
401 1307 508 1348 aliqua
532 1317 572 1338 ex
597 1310 685 1348 parte
709 1307 929 1348 improbantur
946 1306 991 1347 ¹3).
1016 1308 1128 1349 Neque
1148 1311 1252 1339 tamen
1275 1308 1313 1339 de

777 1137 793 1150 θ’

132 1423 157 1454 1)
176 1423 211 1448 1.1.
231 1431 255 1454 p.
274 1423 330 1448 402.

130 1463 157 1494 ⁶2)
177 1463 213 1487 Cf.
234 1463 314 1487 huius
333 1463 460 1488 Sectionis
479 1472 502 1495 p.
521 1464 553 1488 12
572 1472 609 1495 sq.

131 1502 158 1533 3)
176 1503 211 1527 l.l.
231 1510 254 1533 p.
273 1502 329 1527 412.

130 1542 157 1572 4)
176 1543 206 1566 H.
225 1542 334 1566 Schafer
358 1543 382 1566 d.
401 1542 430 1566 21
452 1550 485 1566 m.
504 1543 567 1573 Iau.,
586 1543 690 1567 Naecke
712 1544 735 1568 d.
752 1543 766 1567 7
787 1551 820 1567 m.
840 1543 924 1573 Febr.,
942 1543 1062 1567 Niebuhr
1080 1544 1103 1567 d.
1123 1543 1153 1567 17
1171 1552 1203 1567 m.
1222 1544 1313 1575 April„

98 1582 127 1606 G.
155 1582 291 1606 Hermann
317 1583 339 1606 d.
366 1582 382 1606 2
401 1590 435 1606 m.
453 1582 502 1607 Iul.
521 1591 542 1607 a.
560 1582 624 1606 1827
643 1583 732 1607 Geelio
750 1583 782 1606 de
801 1583 936 1606 Fritzschii
956 1582 1123 1613 protervitate
1141 1584 1312 1614 scripserunt.

97 1622 206 1654 (Eorum
226 1622 316 1646 literae
335 1626 504 1646 asservantur
521 1623 548 1646 in
568 1622 706 1646 Tabulario
726 1622 901 1646 Bibliothecae
920 1622 1074 1652 Leidensis.)

129 1662 187 1692 Ipse
207 1662 337 1686 Fritzsche
355 1662 379 1686 d.
399 1662 414 1685 6
432 1670 465 1686 m.
484 1662 542 1686 Iun.
563 1670 584 1686 a.
603 1661 667 1686 1827
686 1663 775 1687 Geelio
794 1662 941 1693 respondit:
961 1662 1081 1693 „Faciam
1100 1670 1180 1694 nunc,
1198 1663 1223 1686 id
1242 1663 1311 1693 quod

97 1708 186 1724 meum
213 1708 270 1724 esse
298 1701 377 1731 probe
404 1701 529 1732 intelligo,
556 1705 578 1725 et
607 1702 700 1725 faciam
728 1701 857 1730 lubenter,
885 1705 921 1731 ut,
947 1702 1072 1731 quoniam
1092 1702 1219 1725 infectum
1238 1702 1311 1726 reddi

97 1740 197 1771 nequit,
224 1741 352 1772 quidquid
381 1744 450 1765 retro
477 1744 523 1772 est,
549 1741 627 1765 etiam
657 1744 734 1771 atque
754 1741 831 1764 etiam
850 1748 864 1764 a
882 1741 916 1765 Te
937 1744 1030 1772 petam,
1049 1741 1113 1764 velis
1133 1741 1312 1772 impotentem,

96 1787 148 1810 qua
175 1779 210 1803 Te
229 1781 373 1804 insectatus
392 1788 460 1811 sum,
477 1780 671 1804 vehementiam
690 1788 796 1804 omnem
814 1781 876 1804 dare
895 1781 935 1804 vel
953 1781 1007 1804 acri
1026 1781 1138 1812 ingenio,
1157 1781 1225 1811 quod
1246 1782 1311 1805 mihi

97 1823 190 1843 natura
217 1820 317 1851 tribuit⁷
336 1821 376 1844 vel
395 1820 475 1844 etiam
495 1820 610 1844 veritatis
629 1820 733 1844 cuidam
752 1821 834 1844 amori
855 1828 920 1850 meo,
939 1821 1047 1844 fortasse
1067 1821 1155 1844 minus
1177 1822 1310 1845 interdum

97 1859 267 1889 considerato,
294 1861 320 1883 in
348 1867 375 1884 se
394 1863 480 1884 tamen
500 1860 633 1884 laudabili.
652 1860 867 1891 Reprehensione
885 1861 939 1884 Tua
959 1861 1117 1891 monitisque
1136 1860 1198 1884 Tuis
1218 1868 1264 1891 per
1282 1869 1309 1885 se

96 1899 255 1931 intelligitur
283 1907 312 1923 ea
341 1899 390 1924 fide
418 1907 460 1924 me
487 1907 565 1924 usum
589 1908 654 1931 esse,
678 1904 706 1924 ut
724 1908 754 1924 ex
774 1901 806 1924 iis
825 1901 855 1924 ad
875 1908 932 1924 mea
950 1901 1034 1924 studia
1055 1901 1169 1924 multum
1188 1901 1309 1925 utilitatis

95 1939 371 1970 redundarei.''(}1aec
381 1947 487 1970 quoque
497 1940 611 1970 epistula
620 1943 770 1964 asservatur
780 1940 806 1964 in
817 1940 955 1964 Tabulario
967 1940 1141 1964 Bibliothecae
1154 1941 1308 1972 Leideusis.)

128 1977 155 2006 5)
174 1977 364 2005 Quaestionum
382 1978 552 2003 Scenicarum
572 1979 711 2010 Specimen
730 1980 853 2010 primum.

127 2016 155 2047 6)
174 2017 240 2041 Aelii
260 2018 379 2042 Aristidis
399 2019 607 2043 Declamatioues
625 2019 776 2050 Leptineae.
794 2019 862 2049 (Qua
881 2019 912 2042 de
931 2026 1043 2043 censura
1062 2019 1088 2042 in
1107 2019 1245 2043 Tabulario
1266 2020 1308 2043 Bi-

95 2056 239 2081 bliothecae
264 2057 400 2082 Leidensis
424 2058 538 2089 epistula
558 2059 697 2083 Niebuhrii
715 2059 745 2082 ad
766 2059 887 2083 Geelium
906 2059 964 2082 data
983 2062 1148 2089 asservatum
1168 2060 1200 2084 cs.
1214 2067 1238 2090 p.
1257 2058 1308 2089 49).

130 2096 156 2127 7)
174 2096 332 2128 Theognidis
350 2097 495 2128 Reliquiae.

129 2135 155 2166 8)
175 2135 279 2160 Diodori
299 2136 460 2161 Bibliotheca
479 2137 610 2162 historica.

128 2174 155 2205 9)
174 2175 288 2199 Platonis
306 2184 416 2207 operum
437 2177 490 2201 Vol.
509 2177 527 2201 Ι.

112 2214 156 2245 10)
173 2214 278 2239 Ioannis
296 2215 474 2247 Chrysostomi
492 2216 601 2240 Selecta.

112 2253 156 2284 11)
175 2253 275 2284 Corpus
292 2254 457 2285 Scriptorum
477 2255 605 2279 Historiae
626 2255 791 2286 Byzantinae.

112 2294 156 2325 12)
174 2295 255 2319 Taciti
274 2296 401 2326 Agricola.

113 2334 155 2365 13)
177 2335 211 2358 De
230 2335 327 2365 quibus
347 2336 396 2359 vid.
416 2343 495 2366 supra
515 2343 538 2366 p.
557 2335 589 2359 1ss
607 2343 662 2366 sqq.
