1673 2768
914 339 954 368 80

803 480 984 511 CAPUT
1021 480 1067 509 Il.

419 585 489 611 QUID
526 584 565 605 DE
597 584 753 604 CODICIBUS
784 583 859 603 GEEL
884 582 1078 602 IUDIUAVERIT
1104 582 1225 608 QUOQUE
1248 581 1330 602 MODO
1356 580 1456 601 EORUM

771 639 917 660 SUBSIDIIS
949 638 993 659 SIT
1017 637 1103 659 USUS.

376 725 393 763 ξ
422 725 448 754 l.
474 723 608 754 Strenue
643 732 768 763 operam
795 722 881 752 dedit
906 721 990 760 Geel,
1017 723 1051 751 ut
1075 721 1236 751 variorum
1260 719 1373 750 Dionis
1398 719 1544 749 codicum

332 781 481 811 lectiones
524 790 618 820 quam
663 778 907 819 diligentissime
949 780 1161 817 cognosceret.
1206 776 1349 807 Primum
1387 785 1464 806 usus
1500 777 1548 806 est

332 836 526 868 editionibus
550 836 673 867 Veneta
696 838 726 866 et
750 834 943 873 Morelliana,
968 835 1000 864 in
1026 833 1144 874 quibus
1158 833 1386 863 nonnullorum
1401 832 1546 862 codicum

332 894 483 924 lectiones
517 895 685 923 annotatae
720 894 804 922 sunt.
835 890 873 920 In
898 890 962 921 fine
985 889 1137 930 Venetae,
1166 899 1267 930 „quae
1292 888 1415 919 Codicis
1439 888 1547 928 scripti

333 952 363 980 et
399 950 474 980 vitia
498 949 591 979 habet
615 952 644 979 et
669 946 909 978 auctoritatem’'
927 945 957 986 ¹),
981 947 1086 977 variae
1110 946 1261 977 lectiones
1288 945 1457 985 „videntur
1480 953 1549 975 esse

334 1016 351 1037 e
386 1006 466 1036 libro
491 1005 633 1036 eiusdem
659 1005 789 1044 ordinis,
812 1005 906 1034 cuius
930 1006 977 1035 est
1002 1001 1304 1034 Meermannianus’'
1322 1000 1353 1040 1).
1380 1001 1455 1033 Geel
1472 1000 1494 1041 1)
1520 1003 1550 1031 et

335 1064 408 1094 item
435 1062 552 1103 Emper
568 1060 591 1102 2)
618 1071 676 1092 nos
701 1061 815 1091 docent
839 1061 870 1090 in
897 1060 1082 1091 Morelliana
1107 1060 1244 1090 editione
1258 1057 1280 1098 3)
1305 1058 1353 1090 vel
1378 1059 1460 1089 inter
1484 1057 1549 1088 Ste-

335 1120 430 1160 phani
455 1122 485 1149 et
510 1118 633 1149 Morelli
658 1118 878 1148 annotationes
904 1117 1041 1147 inveniri
1062 1116 1212 1147 lectiones
1234 1115 1379 1146 codicum
1406 1115 1443 1154 A,
1465 1113 1497 1153 C,
1510 1113 1550 1144 M.

381 1175 563 1206 Orationem
598 1174 683 1213 XII„
719 1173 934 1214 Olympicum,
972 1173 1047 1204 Geel
1084 1173 1219 1203 contulit
1232 1174 1255 1211 4)
1291 1182 1362 1202 cum
1389 1170 1551 1201 codicibus

336 1233 490 1263 Parisinis
526 1232 564 1271 A,
599 1231 635 1270 B,
670 1230 693 1261 C
728 1231 823 1271 (quos
856 1229 1064 1261 conferendos
1089 1231 1278 1260 curaverant
1302 1228 1497 1259 Boissonade
1522 1231 1552 1258 et

336 1289 446 1329 Hase),
481 1299 553 1319 cum
579 1288 723 1318 Romano
748 1287 855 1317 codice
881 1286 907 1317 U
937 1286 1045 1327 (quem
1071 1287 1103 1316 in
1129 1285 1227 1316 Geelii
1254 1295 1347 1316 usum
1373 1284 1454 1315 Boot
1478 1294 1551 1314 con-

336 1346 474 1386 tulerat),
498 1355 570 1376 cum
595 1354 653 1376 suo
678 1344 786 1375 codice
810 1343 851 1383 M,
876 1343 1152 1381 Meermannian03
1168 1345 1328 1383 praeterea
1341 1343 1373 1372 in
1388 1341 1552 1372 codicibus

336 1402 558 1433 Laurentianis
589 1400 617 1431 D
652 1404 682 1432 et
704 1400 730 1431 Ε
758 1403 792 1431 ut
815 1400 984 1441 inspiceret
1009 1400 1121 1440 viginti
1146 1390 1291 1440 quinque
1315 1399 1400 1429 locos
1425 1398 1552 1429 affectos

338 1459 386 1490 vel
411 1461 576 1498 suspectos
601 1468 619 1488 a
642 1457 738 1488 Furia
763 1457 882 1497 petivit.

385 1515 548 1557 „Reliquis
583 1513 697 1545 Dionis
732 1513 928 1544 orationibus
963 1512 1161 1553 expoliendis
1197 1512 1252 1552 (ei)
1277 1510 1513 1542 inservierunt’'
1527 1509 1553 1550 ⁵)

339 1573 463 1603 codices
488 1571 519 1602 M
535 1571 558 1609 6)
582 1575 612 1602 et
637 1570 659 1601 C
674 1570 717 1611 7);
742 1571 775 1601 in
799 1570 926 1601 Tarsica
949 1570 1053 1610 priore
1077 1569 1158 1600 duae
1178 1572 1341 1610 praeterea
1361 1568 1555 1607 collationes,

339 1639 475 1669 quarum
504 1628 603 1659 altera
625 1637 664 1658 ex
690 1627 845 1658 Parisinis
870 1628 899 1657 A
923 1629 953 1658 et
977 1626 1003 1656 B
1028 1626 1066 1657 ab
1092 1626 1201 1657 eodem
1226 1628 1292 1656 erat
1316 1628 1475 1665 excerpta,
1499 1625 1554 1665 qui

373 1778 401 1808 1)
420 1777 502 1802 Geelii
522 1777 602 1807 praef.
627 1784 650 1807 p.
669 1776 724 1800 XX.

372 1817 399 1847 2)
418 1817 533 1847 Einperii
552 1816 633 1847 prael.
653 1823 676 1846 p.
694 1815 784 1839 XVIII.
806 1817 832 1838 et
851 1814 917 1838 XIX.

376 1857 404 1887 3)
423 1857 505 1880 Cuius
524 1856 621 1879 titulus
639 1855 682 1879 liic
700 1857 755 1878 est:
775 1854 881 1886 „Dionis
900 1853 1068 1884 Chrysostorn
1080 1852 1162 1876 Orati.
1174 1852 1345 1883 LXXX,cum
1357 1851 1469 1875 vetustis
1480 1851 1558 1875 Codd.

340 1897 410 1920 MSS.
429 1896 524 1927 Regiae
544 1895 665 1919 Bibliotli.
685 1894 776 1917 sed—ulo
795 1894 902 1917 collatae
921 1900 1067 1923 eorumque
1085 1900 1132 1923 ope
1150 1892 1300 1916 innumeris
1311 1891 1557 1919 mendishberatae,

340 1937 488 1964 restitutae,
513 1938 610 1963 auctae,
636 1933 720 1957 Pliotii
739 1933 871 1963 excerptis
889 1932 1045 1964 Synesiique
1064 1939 1175 1955 censura
1195 1932 1350 1955 illustratae.
1370 1931 1403 1954 Ex
1424 1931 1556 1961 interpre-

342 1976 436 1999 tatione
460 1975 574 1998 Thomae
602 1973 746 2004 Naogeorgi
773 1975 893 1996 accurate
921 1971 1054 2002 recognita
1081 1974 1106 1994 et
1134 1973 1267 1994 recentum
1295 1974 1319 1994 et
1338 1970 1477 1993 emendata
1497 1969 1558 1993 Fed.

341 2015 442 2038 Morelli
470 2014 537 2038 Prof.
557 2014 619 2044 Reg.
637 2020 725 2043 opera.
743 2012 809 2036 Cum
829 2012 860 2035 Is.
879 2011 1025 2035 Casauboni
1044 2010 1158 2034 Diatriba
1177 2013 1202 2034 et
1221 2010 1339 2034 eiusdem
1356 2009 1457 2033 Morelli
1476 2009 1556 2033 Scho-

341 2055 391 2085 liis,
417 2052 697 2077 Auimadversionibus
723 2055 748 2075 et
771 2051 958 2075 Coniectaneis.
977 2050 1091 2074 Accessit
1109 2057 1200 2073 rerum
1218 2052 1243 2073 et
1262 2049 1403 2073 verborum
1421 2049 1499 2073 Index
1520 2049 1556 2072 lo-

341 2093 544 2123 cupletissimus.
563 2092 682 2116 Lutetiae
701 2090 790 2115 1604:

375 2134 401 2163 4)
420 2133 456 2157 Cf.
476 2133 533 2156 eius
552 2132 633 2163 praes.
653 2139 676 2162 p.
695 2130 763 2155 XIX.

376 2173 403 2201 5)
422 2173 459 2197 Cf.
479 2180 501 2203 p.
521 2171 692 2195 xx.—XX11.

375 2212 401 2239 Γ»)
420 2212 456 2236 Cf.
475 2212 506 2235 de
525 2211 621 2235 codicis
639 2209 848 2234 Meermanniani
871 2208 977 2232 historia
1004 2208 1087 2232 Geelii
1107 2208 1188 2238 praef.
1207 2215 1229 2238 p.
1249 2207 1318 2237 XX.;
1338 2206 1454 2237 Emperii
1478 2206 1558 2237 praes.

345 2259 367 2282 p.
388 2252 416 2275 X.
435 2259 484 2281 sq.;
505 2251 595 2274 Sonnii
615 2250 668 2281 „Ad
690 2249 798 2273 Dionem
819 2249 909 2272 Anat?
929 2256 952 2279 p.
971 2247 1048 2278 26sq.

378 2290 402 2319 7)
422 2291 505 2314 Codex
533 2290 551 2313 C
577 2298 591 2314 a
619 2289 820 2313 Gildeineistero
839 2291 908 2311 totns
927 2288 1033 2311 Parisiis
1051 2290 1089 2310 est
1108 2286 1225 2310 collatus.
1246 2285 1376 2318 „Allatum
1395 2288 1445 2315 est,
1463 2285 1558 2308 iucun-

344 2330 483 2353 dissimum
510 2330 619 2358 donum,
646 2336 729 2359 quum
757 2328 844 2352 Oratio
872 2335 963 2358 graeca
993 2327 1081 2350 Dionis
1109 2326 1203 2355 partim
1231 2326 1299 2356 typis
1318 2325 1448 2355 descripta
1467 2324 1558 2348 esset''.

345 2369 438 2400 <tieem
458 2369 538 2399 praes.
558 2376 581 2399 p.
599 2368 678 2398 XXI.)
