1673 2768
914 354 955 384 68

328 448 389 478 tica
420 447 511 478 Nova
542 447 676 478 laudans
702 447 834 487 Bagueti
860 446 1102 487 disputationem
1130 446 1161 475 in
1186 445 1298 476 D10nis
1323 445 1539 485 Chrysostomi

328 503 509 535 Orationem
523 503 628 534 VHL:
645 513 781 543 „meum,
794 504 908 544 inquit,
921 503 982 533 tale
995 502 1163 533 consilium
1178 506 1233 542 est,
1247 505 1281 533 ut
1294 502 1407 533 Dionis
1416 506 1538 534 textum

327 561 491 601 corrigam,
527 563 682 601 quantum
715 560 784 591 eius
820 569 875 600 per
910 559 1061 589 Codicum
1094 558 1190 598 MSS,
1223 569 1303 600 quos
1328 559 1431 590 adhuc
1455 560 1540 598 novi,

327 617 422 647 nimis
453 619 611 647 recentem
642 616 865 655 conditionem,
894 618 1105 655 nostrumque
1128 616 1249 656 ingenii
1272 616 1448 654 modulum,
1471 615 1539 646 fieri

326 673 461 713 poterit”
480 671 509 711 1).
541 672 632 709 Quod
657 672 770 703 Dionis
795 672 908 703 edendi
932 672 1100 702 consilium
1126 682 1152 702 a.
1179 672 1261 702 1827
1288 672 1430 702 nondum
1455 672 1538 702 abie-

326 732 418 760 cerat.
454 729 603 770 Legimus
639 730 723 760 enim
758 729 791 758 in
826 728 1024 759 Bibliotheca
1048 738 1089 758 cr.
1113 738 1184 758 nov.
1210 729 1278 759 eius
1303 729 1377 759 anni
1402 739 1430 769 p.
1455 729 1535 758 414:

328 785 506 824 „conferam
530 786 570 816 ad
594 784 685 816 Dion.
711 784 844 824 Chrys.'’

369 841 430 872 Sed
466 852 491 872 a.
526 842 607 872 1831
635 844 790 872 mutatum
817 850 886 872 esse
909 841 1079 871 consilium
1105 840 1278 881 profitetur.
1303 840 1372 871 Hoc
1397 850 1480 871 anno
1504 842 1536 870 in

325 898 404 929 Bibl.
441 909 483 929 cr.
518 909 591 929 nov.
628 898 719 928 valde
743 898 885 928 laudavit
910 897 1050 938 Emperii
1075 897 1319 928 Observationes
1344 899 1376 928 in
1401 897 1536 928 Dionem

325 955 597 994 Chrysostomum.
635 954 743 993 „Meae
779 954 918 994 quidem,
952 955 1069 994 inquit,
1105 955 1328 994 occupationes
1353 957 1537 994 mutataque

323 1011 361 1042 ab
399 1011 520 1052 aliquot
554 1012 646 1042 annis
681 1012 764 1041 vitae
800 1011 879 1041 ratio
919 1010 1096 1050 impediunt
1132 1011 1304 1050 quominus
1339 1012 1536 1040 contractum

324 1068 471 1098 editionis
507 1077 623 1098 nomen
660 1067 842 1098 dissolvam.
876 1066 989 1106 Itaque
1023 1066 1185 1097 invenisse
1217 1066 1293 1096 mihi
1316 1066 1458 1107 gratulor
1481 1067 1537 1106 qui

324 1124 541 1155 vadimonium
578 1124 702 1155 sisteret
736 1122 769 1153 L.
793 1122 995 1153 Dindorfium
1027 1132 1144 1153 meum.
1176 1122 1212 1152 In
1239 1123 1324 1152 hunc
1349 1122 1535 1153 transferam

323 1183 390 1211 tum
415 1181 477 1211 mei
500 1180 618 1211 laboris
644 1179 794 1219 fructum,
818 1180 880 1211 nisi
905 1189 977 1210 eum
1005 1179 1124 1218 „multa
1148 1179 1214 1210 dies
1227 1182 1257 1210 et
1271 1179 1369 1209 multa
1382 1179 1496 1209 litura’'
1512 1178 1536 1217 2)

323 1238 450 1277 penitus
482 1236 704 1275 absumserint,
728 1239 796 1267 tum
821 1235 937 1266 librum
962 1235 1268 1266 Meermannianum.
1293 1235 1405 1276 Neque
1429 1238 1534 1266 tamen

323 1293 450 1324 difficile
474 1303 553 1334 opus
577 1294 729 1333 suscipiet
753 1291 938 1323 Dindorfius
962 1293 1031 1323 sine
1056 1291 1239 1323 melioribus
1264 1292 1424 1331 subsidiis,
1448 1291 1535 1322 Pari-

322 1350 377 1381 siis
413 1352 443 1381 et
477 1350 636 1381 Florentia
671 1349 878 1388 arcessendis,
914 1359 1106 1390 quamquam
1143 1349 1226 1379 haud
1252 1350 1327 1379 satis
1352 1348 1535 1389 profuturis,

322 1409 357 1436 ut
392 1407 640 1447 praevideo....
676 1405 773 1446 Spero
809 1409 914 1437 autem
951 1405 1017 1436 fore
1053 1409 1090 1436 ut
1114 1407 1145 1436 in
1171 1405 1396 1446 conquirendis
1421 1405 1534 1436 edendi

321 1463 542 1494 instrumentis
574 1463 702 1493 meliore
734 1463 862 1493 fortuna
886 1465 993 1493 utatur
1017 1461 1202 1493 Dindorfius
1227 1472 1322 1502 quam
1348 1471 1415 1502 ego,
1439 1465 1535 1502 atque

321 1519 504 1560 Emporium
536 1520 656 1551 interea
687 1520 725 1550 ad
750 1520 842 1560 plura
864 1519 1053 1560 praestanda
1077 1518 1239 1550 hortetur'’
1256 1517 1287 1557 3).
1312 1518 1373 1550 Sed
1397 1518 1533 1549 Dindor-

320 1576 397 1607 fium
435 1576 532 1607 Geelii
569 1586 655 1617 spem
691 1576 841 1607 fefellisse
854 1576 877 1614 4)
901 1579 1031 1616 apparet
1055 1585 1095 1607 ex
1119 1576 1262 1616 epistula,
1288 1585 1381 1616 quam
1408 1575 1483 1606 Geel
1508 1585 1533 1606 a.

323 1633 407 1663 1839
420 1633 530 1673 lingua
543 1632 802 1664 Franco-Gallica
816 1633 941 1673 scripsit
953 1633 993 1663 ad
1005 1632 1140 1663 Hasium
1156 1635 1186 1672 ⁵),
1200 1632 1254 1663 ubi
1267 1643 1294 1673 p.
1309 1633 1327 1663 3
1342 1643 1387 1673 sq.
1400 1633 1532 1673 legitur:

323 1688 364 1727 „il
398 1688 465 1719 faut
496 1689 546 1727 (ad
581 1688 717 1720 Dionem
750 1689 921 1730 edendum)
953 1699 996 1720 un
1021 1689 1156 1728 homme,
1180 1689 1235 1729 qui
1256 1689 1300 1719 ait
1324 1689 1367 1720 du
1391 1689 1480 1720 loisir
1504 1692 1534 1720 et

321 1746 375 1786 qui
410 1745 528 1776 veuille
564 1755 730 1777 consacrer
766 1755 828 1777 une
863 1745 967 1776 bonne
1002 1746 1102 1786 partie
1126 1745 1165 1776 de
1189 1755 1224 1775 sa
1248 1746 1299 1776 vie
1323 1747 1341 1775 a
1364 1755 1399 1776 ce
1422 1745 1533 1776 travail

320 1801 571 1833 d’Hercule....
596 1802 790 1842 Convaincu,
814 1812 936 1833 comme
956 1803 987 1842 J'e
1012 1801 1123 1840 Fetais,
1148 1811 1210 1842 que
1234 1800 1316 1832 Dion
1338 1801 1424 1832 allait
1447 1804 1532 1832 trou-

351 1979 377 2009 1)
397 1980 423 2004 P,
442 1978 497 2003 ⁶256.
517 1979 554 2003 Cf.
573 1980 652 2003 etiam
673 1979 785 2011 „Anecd.
802 1980 967 2003 Hemsterhj·
988 1988 1010 2010 p.
1029 1979 1085 2003 ⁵275.

351 2018 377 2048 ΞΣ)
397 2019 522 2043 Mendum
551 2019 682 2049 quoddam
702 2019 728 2042 in
749 2019 852 2043 Dioneis
870 2019 976 2043 obvium
996 2019 1022 2043 in
1040 2020 1123 2043 literis
1143 2019 1173 2042 ad
1194 2019 1402 2043 Bakhuizenium
1422 2020 1445 2043 d.
1462 2020 1478 2042 5
1496 2027 1530 2044 m.

318 2058 381 2082 Nov.
409 2066 430 2082 a.
458 2058 520 2082 1841
550 2059 617 2082 datis
645 2059 680 2082 ita
709 2061 828 2083 excusat:
856 2059 900 2090 „Ik
926 2059 976 2082 heb
1001 2067 1065 2090 geen
1084 2059 1182 2082 andere
1201 2059 1461 2090 verontschuldiging
1479 2059 1529 2083 dan

319 2098 382 2128 mijn
406 2098 431 2121 al
455 2100 480 2121 te
499 2101 572 2129 groot
592 2100 759 2121 vertrouwen
777 2106 810 2128 op
828 2101 969 2129 excerpten
988 2106 1021 2122 eu
1041 2101 1128 2126 noten,
1148 2098 1209 2122 νὸὀι·
1229 2099 1332 2129 twintig
1348 2099 1433 2129 jaren,
1450 2106 1530 2129 onge-

319 2143 381 2160 veer
398 2137 545 2167 gemaakt”.
560 2138 709 2168 (Leguntur
727 2137 753 2160 in
780 2137 873 2168 diario,
891 2138 933 2161 cui
945 2145 1039 2161 nomen
1054 2137 1099 2169 ¹‚de
1109 2137 1227 2167 Gids'',a.
1238 2137 1303 2161 1906
1313 2138 1362 2161 vol.
1373 2138 1415 2161 111.
1428 2145 1450 2168 p.
1461 2137 1530 2166 425.)

350 2175 377 2205 3)
397 2176 422 2199 P.
441 2175 498 2200 581.

351 2215 423 2243 4)1n
451 2216 589 2239 Tabulario
619 2216 794 2240 Bibliothecae
821 2217 956 2240 Leidensis
984 2216 1076 2247 viginti
1104 2217 1232 2247 epistulae
1259 2224 1272 2240 a
1299 2217 1325 2240 L.
1348 2217 1478 2240 Dindorfio
1497 2217 1527 2240 ad

317 2254 436 2278 Geelium
451 2256 526 2278 datae
545 2258 725 2284 asservantur,
744 2257 769 2280 iu
790 2256 887 2287 quibus
906 2257 988 2280 multa
1008 2256 1039 2279 de
1059 2256 1171 2280 Dioneis.

349 2294 376 2323 5)
396 2295 498 2325 „Lettre
517 2296 530 2318 :i
550 2295 583 2319 M.
603 2296 669 2319 Hase
688 2304 733 2319 sur
752 2296 775 2319 le
795 2296 917 2319 Discours
937 2296 969 2319 de
989 2296 1051 2319 Dion
1072 2295 1263 2326 chrysostome,
1282 2296 1388 2319 intitule
1404 2290 1481 2327 Eloge
1497 2296 1528 2319 de

321 2333 343 2356 la
362 2333 532 2361 Clievelure‘'.
552 2335 632 2365 Lugtl.
652 2335 706 2358 Bai.
725 2336 792 2365 apud
813 2335 965 2366 Hazenberg
983 2342 1004 2358 a.
1024 2334 1096 2359 1839.
1115 2335 1193 2358 Hnsio
1212 2335 1318 2358 Parisiis
1337 2336 1529 2366 manuscriptos

317 2373 490 2396 conservandi
510 2374 558 2396 suit
578 2381 648 2397 cura.
