1673 2768
720 315 781 344 135

140 405 319 436 traditionis
355 405 630 437 Strabonianae?”
664 408 697 437 in
734 416 806 437 eum
842 407 984 437 converti
1016 407 1061 437 sic
1092 410 1242 447 possunt:
1268 411 1356 439 estne

142 461 287 492 codicum
312 461 473 502 Euripidis
511 472 540 492 m
555 463 564 492 i
579 472 598 492 n
613 472 630 493 o
644 473 660 493 r
691 463 862 493 auctoritas
883 473 978 503 quam
1004 463 1181 494 traditionis
1195 463 1356 495 Straboni-

142 517 244 563 anae?
270 517 370 554 Quam
396 517 436 548 ob
460 527 526 548 rem
552 522 711 550 mutarent
734 519 854 549 librarii
881 517 1018 552 τεκόντκς
1039 520 1071 549 in
1097 518 1281 558 φύσκντκςῗ

186 573 257 604 Vss.
284 574 456 604 209-211
484 574 662 614 verborum,
686 585 767 616 quae
791 578 865 605 sunt
891 574 1063 613 περιρρύτων
1077 574 1149 613 ὑπὲρ
1162 575 1355 614 simpulo-ww

143 630 247 660 πεδίων
287 630 429 665 Σικελίκς
464 631 573 672 probat
610 631 685 662 Geel
721 632 802 662 hanc
838 631 1119 672 significationem:
1157 633 1264 672 (venti,
1300 634 1356 673 qui

142 687 274 718 veniunt
309 697 327 717 a
362 691 461 728 parte)
496 688 755 719 circumfluorum
787 688 912 719 Siciliae
936 698 1128 728 camporum,
1153 689 1208 729 qui
1232 689 1356 730 fatigari

142 752 205 773 non
248 747 390 783 possunt.
435 743 559 783 „Recte‚
594 745 709 785 inquit,
744 744 940 775 conferretur
975 744 1180 775 Homericum
1216 744 1356 776 θάλασσαι

140 799 314 837 ἀτρύγετος,
350 801 375 830 si
412 799 582 841 Euripides
618 802 758 831 maris
794 801 842 831 vel
879 801 997 832 salis
1033 811 1148 832 nomen
1173 801 1355 842 addidisset,

141 856 234 896 quod,
271 857 333 887 nisi
369 866 418 887 me
454 858 605 887 memoria
641 857 731 897 fallit,
767 867 944 898 numquam
977 858 1152 888 omiserunt
1177 861 1298 889 veteres
1322 859 1355 889 in

141 912 198 942 hac
241 913 438 953 metaphora:
484 923 678 953 quamquam
723 913 868 954 analogia
911 923 972 944 non
1016 914 1147 954 impedit
1183 915 1355 955 quominus

142 968 312 1007 περιρρύτων
330 969 489 1009 intelligas
514 979 530 999 c
544 970 553 999 i
566 980 581 1000 r
593 979 609 999 c
624 980 643 1000 ιι
658 979 686 999 m
701 969 769 1000 flu
782 979 799 1000 e
812 979 832 1000 n
846 973 858 1000 t
871 971 881 1000 i
895 980 914 1000 u
930 980 969 1009 m,
993 973 1098 1001 tamen
1112 979 1191 1001 usus
1205 970 1307 1001 voluit
1319 974 1356 1002 ut

140 1029 223 1056 esset
247 1025 596 1056 circumfluorum
621 1026 640 1056 i.
656 1035 679 1056 e.
706 1035 787 1066 quae
811 1035 829 1056 a
852 1025 1003 1056 fluctibus
1016 1026 1354 1058 circumdanturztum

141 1082 288 1122 campi
324 1082 523 1113 steriles
560 1082 630 1122 qui
661 1081 877 1112 Siciliam
911 1082 1259 1114 circumfluunt
1291 1093 1354 1114 non

140 1138 273 1168 audacia
296 1141 352 1177 est,
376 1138 431 1169 sed
455 1139 616 1169 temeritas
640 1138 775 1169 dicendi.
802 1137 919 1175 Quidni
944 1138 1167 1179 eonfugiamus
1191 1139 1230 1170 ad
1255 1140 1354 1171 multo

140 1194 363 1235 simpliciorem
411 1195 713 1235 interpretationem,
759 1205 853 1235 quam
900 1195 961 1225 alia
1003 1195 1172 1236 explicatio
1207 1196 1355 1227 adiectivi

139 1251 333 1289 ἁκκρπίστων
369 1251 572 1292 suppeditat?
608 1251 733 1282 Scilicet
769 1261 868 1291 quum
896 1250 1050 1289 κκρπίζειν
1074 1261 1137 1282 non
1163 1255 1288 1283 tantum
1314 1254 1355 1284 sit

139 1312 308 1339 terram
345 1307 557 1339 fertilem
583 1308 796 1347 reddere,
820 1308 874 1338 sed
899 1306 1092 1346 κκρπίζεσθκι
1112 1311 1168 1345 γῆν
1192 1308 1354 1350 fruges

140 1365 374 1395 demetere
428 1368 470 1395 et
522 1368 648 1394 terra
669 1374 697 1394 m
746 1364 909 1395 crebra
956 1365 1144 1396 satione
1189 1366 1353 1397 exhau-

139 1422 243 1460 rire,
278 1421 385 1452 Sicilia
421 1421 481 1451 dici
518 1422 621 1461 potuit
654 1420 850 1459 ἀκάρπιστος,
883 1421 915 1451 id
947 1424 1003 1460 est,
1027 1424 1113 1452 tanta
1135 1421 1295 1453 fertilitate
1320 1426 1354 1453 ut

139 1487 263 1518 semper
293 1477 402 1517 fruges
426 1477 531 1517 ferret,
555 1487 612 1508 nec
636 1477 729 1518 plane
753 1477 879 1517 fatigari
903 1480 1024 1518 posset;
1050 1488 1145 1518 quam
1170 1477 1353 1519 Sophocleis

139 1534 244 1565 verbis
279 1535 398 1565 dixeris
435 1535 493 1570 γᾶν
527 1532 652 1572 ἄφθιτα-κ
687 1532 878 1570 ὠκκμοὶτκνῖ
914 1533 947 1565 Si
981 1533 1170 1572 ἀφύλακτον,
1207 1545 1224 1565 a
1254 1535 1353 1566 forma

140 1591 250 1630 media,
286 1594 333 1622 est
368 1601 388 1631 q
403 1601 422 1621 u
437 1600 454 1621 o
469 1590 487 1620 d
523 1600 540 1621 c
552 1601 567 1620 a
585 1601 601 1619 v
616 1600 632 1621 e
645 1591 683 1621 ri
718 1601 736 1620 n
752 1600 768 1621 e
782 1601 801 1631 q
815 1591 900 1630 uit,
935 1591 1062 1631 aliaque
1093 1590 1188 1622 verba
1220 1592 1352 1623 eandem

138 1648 315 1688 analogiam
340 1650 531 1688 sequuntur,
555 1657 612 1678 our
638 1648 743 1678 minus
767 1646 995 1685 ἀκάρπιστσςῬ
1019 1647 1090 1678 Hoc
1111 1657 1212 1678 unum
1233 1648 1353 1689 fugisse

138 1705 243 1735 virum
281 1704 408 1735 doctum
444 1704 578 1743 videtur,
614 1704 698 1744 quod
734 1704 761 1734 si
796 1703 1009 1744 intellegimus
1044 1702 1219 1742 αὶκοέρπιστκ
1245 1704 1350 1735 πεδίοις

139 1770 221 1801 quae
255 1761 389 1792 serendo
422 1764 453 1791 et
477 1760 664 1791 demetendo
687 1760 811 1801 fatigari
836 1763 1010 1801 nequeunt,
1034 1761 1102 1801 ipsa
1126 1760 1279 1801 fatigandi
1303 1762 1352 1793 vel

139 1817 348 1848 exhauriendi
381 1818 467 1847 notio
499 1817 629 1848 aliunde
653 1817 874 1847 introducitur.
899 1815 1113 1857 Ἀκοέρπιστον,
1137 1818 1163 1848 si
1188 1818 1226 1848 ab
1250 1819 1353 1849 activa

138 1874 239 1905 forma
274 1872 426 1912 καρπίζειν
459 1874 663 1914 derivaveris,
695 1874 770 1904 erit:
796 1873 882 1914 quod
905 1873 1008 1904 fertile
1032 1874 1121 1905 reddi
1144 1884 1207 1905 non
1232 1878 1352 1916 potest3

138 1931 186 1961 sin
222 1941 240 1961 a
275 1930 377 1961 medio
409 1929 616 1968 καρπίζεσθκιε
649 1940 688 1961 ex
714 1940 777 1971 quo
802 1930 909 1961 nullae
932 1930 1041 1970 fruges
1065 1931 1293 1971 percipiuntur,
1318 1934 1354 1962 ut

138 1986 325 2026 aznotpwvog.

183 2044 237 2075 Vs.
274 2044 336 2074 370
373 2043 512 2075 defendit
548 2043 723 2084 Musgravii
758 2044 1009 2074 emendationem
1042 2043 1113 2080 νᾶμ’
1138 2054 1194 2084 pro
1219 2043 1294 2081 ὄμμ’
1318 2045 1352 2075 in

140 2101 225 2131 hisce
250 2100 370 2131 verbis:
397 2098 479 2136 ξένην
504 2099 592 2130 πόλιν
615 2099 680 2130 νκίω
706 2100 761 2139 (sc.
787 2100 975 2139 Polynices),
999 2099 1034 2130 δι’
1059 2098 1148 2130 ἔσο-ων
1172 2099 1248 2137 ὄμμ’
1274 2100 1352 2139 ἔχων

139 2157 327 2195 δκκρυρροεῦν,
364 2166 467 2197 neque
497 2159 601 2187 tamen
627 2157 658 2186 in
683 2159 806 2186 textum
831 2157 957 2196 recepit,
981 2156 1065 2196 quod
1090 2157 1225 2188 editores
1249 2160 1352 2197 poste-

138 2215 238 2244 riores
271 2213 421 2244 fecerunt.
456 2212 571 2244 Scribit
606 2212 882 2252 Valckenaerium,
913 2214 968 2253 qui
992 2212 1029 2243 δι’
1054 2212 1143 2243 ὅσσων
1167 2217 1351 2254 corruptum

140 2279 209 2300 esse
244 2270 427 2309 putavisset,
461 2270 659 2300 coniecturas
697 2270 877 2307 „incassum
903 2269 1104 2309 tenta(sse)”;
1130 2269 1350 2301 Hermannum

140 2330 170 2357 et
204 2325 365 2356 Klotzium
398 2326 648 2357 emendationem
673 2325 743 2362 νᾶμ’
769 2326 934 2366 sprevisse,
966 2335 1030 2356 non
1055 2327 1131 2357 satis
1155 2327 1351 2358 attendentes
