1673 2768
874 282 935 312 108

296 388 366 408 rum
404 380 478 408 sunt
514 376 582 407 UB
619 380 648 407 et
685 375 763 415 Vl),
795 386 850 417 pro
883 374 1002 411 ἀγκθῶν
1034 373 1151 404 habent
1175 373 1249 403 θεῶν.
1276 373 1352 404 Geel
1377 373 1511 404 coniecit

295 433 386 468 ὁσίων,
427 444 510 474 „quo
546 434 672 474 respicit
707 434 774 473 ipse
799 432 858 462 Dio
885 441 959 462 mox
984 431 1108 461 dicens:
1136 430 1253 467 ἡγεῖται
1278 430 1308 460 δὲ
1333 430 1384 465 τὴν
1408 429 1512 468 ἀρετὴν

295 490 462 525 ὁσιότητκ”.
495 489 565 527 Qua
597 490 634 520 de
659 490 840 520 coniectura
865 488 985 526 Sonny,
1008 488 1060 517 cui
1085 487 1256 517 auctoritas
1280 487 1425 517 codicum
1451 487 1511 527 pri-

296 557 365 578 mae
389 549 419 578 et
443 546 601 577 secundae
626 546 764 576 familiae
790 545 890 575 maior
914 547 961 574 est
975 553 1068 584 quam
1085 544 1197 573 tertiae
1209 543 1318 582 solius,
1331 543 1455 583 scripsit
1471 540 1510 579 2);

298 603 393 642 „Geel
426 604 495 634 sine
520 602 616 633 dubio
642 606 725 633 recte
749 601 967 632 restituit....
993 599 1226 639 elegantissima
1253 601 1300 629 est
1324 600 1513 638 coniectura,

296 660 588 700 palaeographicam
614 660 640 689 si
665 661 788 699 spectas
810 658 962 687 rationem
984 658 1317 695 (QEQN-OCIO-N),
1330 655 1368 685 ad
1382 665 1510 686 sensum

295 715 480 756 aptissima''
494 714 526 753 ³).

339 773 389 802 Ad
434 783 461 812 p.
509 772 591 802 139a
634 771 758 801 codices
802 769 871 800 UB
910 770 1029 810 primae
1064 768 1203 799 familiae
1239 767 1356 799 habent
1390 769 1445 798 ’τῶν
1480 768 1512 798 ἐκ

296 828 474 866 θεσσκ),ίκ;;
512 828 636 858 codices
672 827 746 857 MV
782 826 940 857 secundae
970 825 1097 856 familae
1129 826 1184 855 τῶν
1215 825 1247 855 ἐκ
1279 824 1445 861 μεσσκδίκς
1469 823 1512 864 (Μ

295 896 312 915 a
337 895 413 916 corr.
438 884 623 922 Oswx).1'x;)
638 883 679 922 ἧς
704 883 827 914 codices
852 883 961 913 tertiae
985 881 1122 912 familiae
1147 881 1208 912 PC
1233 882 1288 911 τῶν
1309 881 1341 911 ἐκ
1354 880 1511 918 μεσκδίκς.

296 941 403 972 Geelio
440 941 614 972 editionum
651 941 742 970 lectio
778 939 810 969 ἐκ
846 937 1018 973 &retamim
1042 941 1190 978 suspecta
1214 940 1270 977 est,
1298 937 1403 978 „quod
1428 936 1511 976 (Dio)

295 1001 460 1029 enumerat
495 1007 559 1037 eos,
596 998 651 1037 qui
675 995 815 1034 μκκρόθεν
839 996 1042 1034 advenerant,
1066 1004 1102 1024 ac
1128 994 1230 1025 media
1254 997 1360 1024 tamen
1385 994 1514 1034 ponitur

294 1053 453 1085 Thessalia
489 1055 570 1084 inter
605 1053 737 1092 Libyam
770 1055 801 1083 et
832 1050 1095 1090 Borysthenem’'.
1120 1050 1156 1081 In
1182 1051 1316 1081 lectione
1338 1050 1457 1081 codicis
1481 1050 1513 1080 M

296 1109 464 1148 μεσσκδίκς
489 1110 585 1141 latere
609 1108 796 1144 Μασσαλίκς
820 1109 1077 1149 ingeniosissime
1100 1108 1243 1138 coniecit.
1270 1106 1388 1147 Emper
1410 1111 1440 1138 et
1466 1106 1512 1138 De

299 1168 413 1198 Arnim
440 1177 513 1197 cum
538 1176 574 1197 eo
598 1166 750 1197 fecerunt.

339 1223 389 1253 Ad
426 1233 453 1263 p.
491 1223 574 1253 leod
600 1222 698 1253 Geelii
723 1225 770 1252 est
795 1222 987 1260 coniectura,
1010 1230 1091 1261 quae
1115 1221 1144 1251 ei
1168 1221 1228 1261 ipsi
1253 1230 1349 1261 quam
1375 1220 1513 1251 maxime

296 1281 413 1320 placuit
427 1278 460 1317 ⁵).
485 1279 533 1310 Ibi
558 1279 631 1310 olim
657 1278 835 1319 legebatur:
859 1276 974 1316 ὕστερον
988 1277 1018 1307 δὲ
1032 1279 1088 1308 τῶν
1101 1277 1236 1315 Ἀχαιῶν
1250 1276 1317 1312 τοὺς
1331 1275 1513 1311 ἐκπεσόντας

295 1336 352 1367 ὑπὸ
379 1336 507 1375 Δωριέων
531 1336 724 1374 ἀποροῦντας,
750 1333 814 1365 ἕπει
837 1333 1022 1373 τράπωνται,
1047 1333 1081 1364 δι’
1103 1333 1253 1364 ἀσθένειαν
1274 1333 1312 1368 εἷς
1333 1332 1385 1368 τὴν
1407 1332 1514 1364 'Ao-lxv

295 1393 386 1423 ἐλθεῖν
421 1393 457 1427 ὡς
493 1392 575 1431 παρὰ
608 1391 717 1431 φίλους
748 1403 781 1422 τε
805 1391 855 1422 uxi
880 1390 1050 1425 ἐνσπόνδους
1072 1391 1138 1425 τοὺς
1162 1390 1221 1420 ἀπὸ
1246 1389 1382 1429 Πριάμου
1405 1401 1438 1420 τε
1464 1389 1513 1420 καὶ

295 1448 435 1488 “Europa
461 1456 479 1480 λ
492 1461 512 1479 οι
526 1449 549 1487 β
562 1448 575 1479 ό
588 1461 601 1479 ν
615 1461 633 1479 τ
645 1460 665 1479 κ
680 1461 693 1484 ς
717 1448 829 1483 §Fufio-xc
855 1447 937 1478 >cxi-34
963 1446 1080 1486 φιλίκν,
1106 1458 1130 1477 τι·
1143 1459 1188 1485 xp
1204 1446 1241 1477 έν
1255 1459 1274 1477 τ
1287 1459 1300 1477 ε
1314 1459 1328 1481 ς
1352 1446 1402 1477 καὶ
1427 1445 1514 1477 ἄλλοι

294 1507 324 1537 οὐ
355 1505 467 1544 σμικραὶ
502 1505 606 1544 zet-pix.
641 1505 858 1544 Casaubonns,
891 1505 942 1535 cui
967 1503 1120 1541 λκβόντοις
1145 1513 1207 1534 non
1233 1506 1418 1544 suspectum
1442 1503 1513 1543 fuit,

295 1573 350 1603 pro
385 1562 527 1601 πκρέντες
560 1563 694 1592 coniecit
719 1560 813 1599 Πάρον
838 1572 881 1592 τε.
908 1560 978 1597 Qua
1002 1560 1040 1591 de
1064 1561 1247 1590 coniectura
1271 1559 1345 1590 Geel
1371 1560 1511 1600 scripsit:

298 1621 483 1660 „ingeniosa
518 1619 647 1659 quidem
679 1622 735 1657 est,
767 1618 822 1649 sed
855 1627 918 1648 non
944 1617 1094 1657 cogitavit
1118 1619 1149 1647 ct
1173 1617 1266 1657 longe
1291 1617 1407 1647 distare
1432 1617 1513 1647 hanc

294 1677 433 1707 insulam
466 1686 483 1706 a
515 1676 700 1714 continenti,
732 1677 763 1705 et
795 1684 981 1715 perparvam
1006 1673 1097 1704 esse''
1121 1676 1217 1713 atque
1241 1673 1379 1703 correxit
1403 1672 1514 1710 λκβόν-

295 1744 352 1767 ταις
388 1733 419 1762 in
456 1731 574 1769 Λέσβον
606 1743 639 1762 τε
671 1734 701 1762 et
726 1730 869 1769 πκρέντες
893 1733 925 1761 in
952 1729 1111 1768 παρέντκς,
1141 1740 1233 1769 „nam
1258 1739 1375 1769 revera,
1400 1730 1514 1770 inquit,

296 1789 417 1821 Lesbus
453 1789 484 1819 οὐ
516 1788 634 1827 σμικρὸν
669 1787 770 1826 χωρίον
795 1792 851 1827 est,
875 1797 1009 1828 eamque
1034 1790 1232 1827 occuparunt
1255 1787 1385 1825 Achaei,
1409 1797 1426 1816 a
1451 1785 1513 1816 Do—

296 1846 385 1877 ribus
420 1846 564 1887 expulsi:
602 1846 640 1876 de
676 1849 739 1886 qua
775 1845 944 1876 traditione
969 1844 1164 1875 satisfacient
1187 1843 1298 1874 Strabo
1324 1853 1352 1884 p.
1379 1844 1442 1873 583
1467 1853 1513 1884 sq.

329 1988 355 2018 1)
374 1987 464 2012 Oratio
483 1988 526 2011 111.
545 1990 570 2011 et
592 1995 651 2017 pars
670 1986 797 2010 orationis
816 1986 856 2010 lV.
878 1986 974 2009 desunt
997 1986 1023 2009 in
1043 1985 1131 2009 codice
1150 1986 1183 2009 M.

329 2028 355 2058 2)
374 2028 409 2051 l.l.
431 2035 454 2058 p.
473 2027 512 2050 71.

328 2067 354 2097 3)
374 2068 410 2091 De
429 2067 522 2090 Arnim
541 2066 668 2090 familiam
687 2066 794 2090 tertiam
814 2068 923 2089 secutus
940 2067 988 2089 est.

330 2107 356 2135 4)
378 2107 411 2130 De
432 2106 525 2130 Arnim
543 2106 684 2129 lectionem
704 2105 800 2129 codicis
820 2105 843 2128 M
863 2105 960 2132 omisit„
979 2112 1142 2135 quamquam
1162 2111 1192 2127 ex
1212 2104 1260 2128 hoc
1279 2111 1385 2134 quoque
1404 2105 1513 2134 apparet

296 2147 411 2170 codicem
431 2146 455 2170 M
474 2153 531 2169 esse
550 2148 700 2169 correctum
719 2152 749 2168 ex
769 2144 857 2168 codice
875 2144 989 2168 familiae
1011 2144 1118 2174 primae.

330 2186 409 2209 Cobet
429 2185 583 2216 Emperium
602 2185 691 2209 docuit
710 2185 850 2208 lectionem
869 2184 966 2208 codicis
985 2183 1005 2207 V
1025 2191 1082 2207 esse
1099 2182 1223 2212 μεσκόίκς.

330 2225 355 2254 5)
377 2225 554 2249 Bakliuizenio
579 2225 650 2249 enim
675 2224 781 2255 scripsit
800 2224 843 2255 (cf.
863 2224 948 2253 diarii,
968 2223 1036 2254 quod
1056 2223 1212 2247 inscribitur
1232 2223 1280 2252 „de
1299 2222 1387 2253 Gids·’‚
1407 2230 1430 2246 a.
1448 2221 1514 2245 1906

298 2265 346 2288 vol.
375 2265 416 2289 111.
445 2273 467 2295 p.
491 2264 565 2293 4⁶28>z
590 2264 633 2294 „ik
652 2265 701 2288 stel
721 2271 763 2287 uw
783 2264 897 2291 ὡρκισμόν
915 2270 947 2293 op
966 2262 1061 2294 gelijke
1080 2262 1127 2294 lijn
1147 2264 1200 2285 met
1218 2262 1249 2285 de
1269 2262 1378 2286 mooiste
1396 2261 1513 2292 (conjec-

298 2304 382 2336 tuur),
399 2305 441 2328 die
460 2305 487 2328 ik
505 2312 538 2335 op
557 2304 603 2328 Dio
622 2303 744 2336 gemaakt
763 2303 826 2327 heb:
846 2310 869 2333 p.
887 2302 934 2326 227
955 2310 1004 2326 van
1024 2301 1088 2333 mijn
1108 2301 1171 2325 boek
1192 2303 1286 2330 Λεσβον
1305 2309 1339 2326 τε,
