1673 2768
850 302 906 330 ·14

279 396 360 425 ritur
384 394 583 425 Brunckium
609 393 762 423 audacius
787 394 1002 423 coniecturam
1029 394 1060 423 in
1087 396 1211 424 textum
1238 394 1403 433 recepisse,
1429 393 1497 432 ipse

280 461 353 482 vero
390 451 591 491 amplectitur
623 450 858 480 Hemsterhusii
891 450 1066 490 elegantem
1093 450 1397 490 interpretationem,
1424 458 1496 479 cum

278 508 483 538 Brunckiana
508 508 689 537 coniectura
714 509 840 546 accepta
866 505 1004 536 absurde
1028 509 1120 536 exeat
1144 507 1309 537 sententia.

324 564 524 604 Quamquam
558 563 675 593 talibus
711 561 872 601 „notulis”
899 580 937 583 —
965 561 1129 602 aliquanto
1154 561 1353 602 longioribus
1378 564 1407 592 et
1432 571 1496 592 cre-

277 620 446 659 brioribus,
483 630 576 660 quam
611 620 642 649 in
679 617 906 659 „Appendice”
924 617 946 655 1)
973 636 1010 639 —
1037 617 1274 649 Hemsterhusii
1299 618 1497 648 animadver-

277 678 383 707 siones
415 676 633 713 adornaverat,
656 678 760 705 tamen
785 675 817 704 in
844 673 915 704 libri
942 674 1034 704 titulo
1060 674 1228 705 ambitiose
1252 674 1284 705 id
1308 684 1496 705 commemo-

277 743 346 764 rare
370 733 472 763 noluit
488 730 519 770 2),

321 789 408 820 Bake
433 789 622 819 nitidissima
648 787 826 825 Latinitate,
853 796 934 827 quae
960 786 1185 817 Ciceronianae
1206 787 1327 827 periodi
1340 787 1497 825 admonet,

276 847 369 876 amici
405 855 484 886 opus
518 845 658 875 laudavit
674 842 714 880 3):
744 843 903 882 „Geelius,
928 844 979 874 cui
1005 844 1203 884 praeclarum
1230 843 1289 873 hoc
1314 846 1495 874 nostrarum

277 902 453 933 Literarum
480 901 672 932 tuendarum
698 900 893 940 praesidium
919 899 1082 939 debemus,
1107 900 1150 930 ita
1174 900 1371 940 provinciam
1398 900 1497 930 admi-

277 959 434 997 nistravit,
467 961 509 997 ut,
543 967 625 998 quae
657 957 784 997 singula
812 956 972 986 laudanda
997 960 1073 987 sunt
1097 957 1128 986 in
1155 966 1191 987 eo
1217 957 1272 997 qui
1297 956 1399 987 aliena
1424 956 1497 995 edit,

276 1016 315 1045 iis
344 1015 504 1045 universis
529 1014 782 1044 cumulatissime
807 1013 1011 1052 satisfaceret,
1034 1012 1118 1051 fidei,
1142 1015 1178 1043 ut
1203 1022 1308 1043 veram
1334 1012 1496 1043 Hemster-

277 1071 361 1101 husii
397 1080 469 1101 cum
504 1080 643 1109 manum,
667 1073 734 1100 tum
761 1070 929 1109 praecipue
953 1072 1092 1100 mentem
1118 1069 1279 1107 redderet3
1306 1069 1497 1110 diligentiae,

281 1130 315 1158 ut
351 1127 507 1167 quaedam
544 1126 719 1157 omittenda
751 1130 884 1164 curaret,
910 1126 959 1156 vel
986 1128 1047 1156 iam
1073 1125 1166 1165 edita,
1194 1126 1241 1157 vel
1267 1127 1421 1156 crassiore
1444 1125 1497 1156 filo

278 1187 442 1221 contexta;
470 1183 651 1221 modestiae,
677 1186 711 1213 ut
737 1193 800 1213 non
826 1183 887 1213 nisi
912 1183 1085 1220 rarissime,
1109 1192 1182 1213 cum
1205 1182 1311 1213 ubivis
1331 1183 1497 1223 potuisset,

277 1240 315 1271 ad
341 1240 558 1270 annotandum
585 1239 921 1280 subscribendumqne
946 1239 1159 1278 descenderet,
1183 1239 1237 1269 sed
1262 1240 1304 1269 ita
1331 1242 1365 1269 ut
1386 1248 1498 1279 operae

277 1297 411 1337 pretium
438 1296 563 1334 faceret,
588 1296 787 1336 eruditisque
809 1296 895 1336 quod
909 1295 1126 1326 desiderarent
1139 1294 1496 1336 nihilrelinqueret”4).

276 1353 337 1383 His
361 1356 391 1384 et
415 1353 531 1384 talibus
557 1353 649 1383 amici
675 1362 756 1393 opus
780 1352 867 1383 Bake
892 1352 1007 1383 laudat.

322 1409 477 1448 Diarium,
510 1410 595 1450 quod
631 1409 818 1440 inscribitur
853 1409 956 1449 „Allg.
981 1408 1063 1439 Hall.
1089 1408 1432 1449 Literatur-Zeitung⁷’,
1457 1419 1496 1438 m.

276 1466 346 1496 lun.
372 1477 397 1496 a.
426 1466 508 1496 182ss
523 1465 548 1504 5)
577 1466 779 1497 vehementer
804 1466 947 1496 laudavit
971 1469 1034 1496 tam
1057 1465 1377 1496 Hemsterhusianam
1405 1465 1496 1495 uber-

276 1524 387 1553 rimam
414 1523 587 1553 doctrinam
614 1533 710 1563 quam
738 1523 976 1554 Anecdotorum
1002 1522 1132 1553 editoris
1156 1523 1321 1552 rationem.

322 1653 339 1692 ξ
365 1653 392 1682 2.
417 1651 483 1682 Iam
509 1662 610 1692 pauca
635 1652 736 1682 dicam
762 1652 801 1682 de
825 1650 904 1682 Dav.
929 1650 1115 1682 Ruhnkenii
1140 1651 1274 1682 Scholiis
1296 1652 1328 1681 in
1351 1650 1495 1682 Suetonii

277 1709 358 1739 vitas
383 1707 563 1744 Caesarum,
587 1707 679 1738 editis
703 1717 729 1738 a.
756 1708 850 1738 1828.

321 1763 437 1795 Deberi
470 1764 551 1794 hanc
583 1764 755 1795 editionem
780 1763 990 1794 admonitioni
1014 1763 1192 1794 Heinrichii
1208 1763 1240 1803 θ),
1264 1765 1297 1794 in
1323 1765 1416 1795 cuius
1441 1773 1495 1794 no-

308 1916 335 1945 1)
354 1916 460 1946 Aliquid
480 1916 561 1947 igitur
581 1920 703 1940 censores
722 1915 847 1940 Germani
867 1916 1003 1940 consecuti
1022 1918 1106 1940 erant.

308 1955 335 1986 ΕΖ)
354 1956 391 1979 Cf.
413 1955 510 1979 Anecd.
530 1956 614 1979 Praef.
633 1963 657 1986 p.
676 1955 781 1979 XXVII.

308 1994 335 2025 3)
355 1995 420 2019 Bibl.
447 2003 481 2019 cr.
511 2002 570 2019 nov.
595 1995 650 2019 Vol.
669 1995 687 2018 Ι.
715 2003 739 2026 p.
757 1994 897 2024 238—‘241‚
925 1994 970 2018 ubi
999 1994 1078 2024 Bake,
1105 2001 1268 2025 quamquam
1298 1994 1494 2018 Anecdotorum

275 2042 415 2058 censuram
440 2034 502 2066 agit,
521 2035 557 2058 nil
578 2035 628 2058 nisi
647 2035 762 2065 laudeni,
780 2034 936 2065 praesertim
958 2034 1210 2058 Hemsterliusianae
1229 2034 1374 2064 doctrinae,
1394 2033 1497 2058 tribuit.

309 2073 336 2104 4)
355 2074 389 2098 ].Ι,
409 2082 431 2104 p.
450 2073 506 2097 ⁶241.

309 2113 336 2142 5)
356 2113 458 2144 Belgice
482 2114 580 2144 legitur
600 2114 728 2137 iudicium
745 2114 771 2137 in
791 2113 883 2143 diario,
901 2114 944 2137 cui
961 2120 1057 2137 nomen
1077 2115 1116 2137 est
1137 2113 1209 2144 „Aiga
1229 2113 1324 2136 Konst-
1339 2120 1371 2136 en
1392 2113 1495 2136 Letter-

276 2152 357 2176 bode''
376 2160 398 2176 a.
418 2152 490 2181 1826,
514 2153 561 2177 vol.
581 2153 612 2183 11,
632 2161 656 2183 p.
675 2152 808 2177 293—296
826 2156 851 2177 et
872 2160 895 2183 p.
914 2152 1055 2177 316-319.

307 2191 335 2222 6)
355 2192 389 2215 De
417 2199 468 2222 quo
496 2192 615 2216 Niebuhr
644 2193 668 2216 d.
697 2192 725 2215 10
752 2200 785 2216 in.
811 2192 886 2216 Febr.
914 2200 937 2216 a.
963 2191 1028 2215 1828
1048 2192 1136 2215 Bonna
1157 2191 1246 2216 Geelio
1265 2192 1370 2222 scripsit
1389 2191 1495 2222 (literae

275 2234 445 2255 asservantur
473 2232 499 2255 in
527 2232 666 2256 Tabulario
698 2232 876 2255 Bibliothecae
904 2232 1066 2260 Leidensis):
1094 2231 1235 2262 „L'auteur
1254 2231 1300 2254 des
1319 2231 1496 2254 insinuations

275 2273 314 2294 est
335 2271 368 2294 M.
389 2271 543 2295 Heinrichs:
562 2272 607 2301 qui
626 2272 669 2301 j'ai
691 2272 770 2295 sauve
790 2271 870 2295 d'une
889 2272 967 2294 ruine
985 2271 1136 2301 complette,
1157 2278 1189 2294 en
1210 2278 1251 2294 me
1269 2273 1494 2300 compromettant

277 2317 343 2340 pour
361 2312 503 2340 extorquer
522 2318 553 2333 nu
577 2311 713 2334 ininislere
732 2310 810 2341 qu'on
830 2311 1005 2339 abandonnzit,
1023 2317 1074 2334 une
1086 2312 1198 2340 enquete
1210 2310 1495 2333 criminelleinstitue'e
