1673 2768
690 308 730 337 47

147 400 229 431 Vere
264 400 346 430 dixit
380 399 565 431 Bakhuizen
604 410 664 431 van
701 401 761 431 den
799 400 898 430 Brink
934 401 965 430 in
992 401 1141 440 oratione,
1166 411 1259 442 quam
1286 403 1315 431 in

102 456 194 487 Bakii
241 457 421 499 memoriam
459 456 624 495 habuit¹):
663 457 721 496 „de
757 457 967 497 vriendschap
1004 457 1107 495 (Bakii
1144 460 1174 488 et
1210 458 1319 496 Geelii)

101 513 185 544 werd
221 513 259 544 de
283 513 465 554 aanleiding
489 516 534 544 tot
560 523 617 544 een
643 513 873 554 onderneming
889 512 920 551 2),
947 514 1111 544 waardoor
1137 514 1174 545 de
1198 514 1316 545 Neder-

101 569 250 600 landsche
274 569 411 610 filologie
431 569 469 600 de
494 569 613 609 boeijen
636 579 730 601 eener
751 570 926 610 schijnbare
941 570 1124 610 slaapzucht
1137 570 1318 608 afscbudde,

100 635 139 656 en
164 626 238 656 hare
270 626 491 667 eigenaardige
515 627 615 666 plaats
640 627 770 657 bernam
796 629 826 657 te
852 626 977 657 midden
1004 636 1063 656 van
1090 626 1128 657 de
1154 627 1318 667 bedrijvig-

103 682 174 713 heid
222 692 260 712 en
309 682 347 713 de
393 683 569 723 woelingen
618 683 650 713 in
688 683 748 714 den
786 683 933 714 vreemde
947 706 1033 713 .....
1059 682 1131 714 Men
1168 693 1232 714 was
1268 684 1319 714 het

101 738 210 769 moede
242 739 294 769 dat
318 739 370 769 het
395 738 580 769 buitenland
606 739 658 770 het
682 749 715 770 er
739 749 816 770 voor
841 739 934 778 hield,
961 739 1043 770 alsof
1065 742 1128 770 met
1152 734 1212 770 d'en
1238 740 1318 771 dood

102 805 163 825 van
188 794 402 834 Wyttenbacb
427 795 465 825 de
489 794 706 826 Hollandsche
730 795 868 836 filologie
901 805 961 826 van
987 795 1064 826 haar
1088 796 1319 836 meesterschap

102 851 226 882 aistand
261 851 321 882 had
357 851 497 892 gedaan,
535 861 608 882 men
640 861 705 882 was
734 852 785 882 het
810 852 930 892 moede,
955 851 1007 882 dat
1032 852 1140 882 vooral
1165 851 1319 883 Duitsche

100 908 345 949 geleerden....
370 908 440 938 zich
466 910 496 938 te
520 907 628 939 buiten
653 909 771 949 gingen
797 918 855 939 aan
881 908 1132 949 uitdrukkingen
1155 909 1201 939 als
1226 909 1318 940 deze:

105 965 251 1005 „„inepte
274 964 488 996 Ruhnkenius
564 974 600 996 en
630 965 817 1006 „„imperite
840 964 1140 996 Valckenaerius’'”
1155 963 1187 1004 ³).

146 1021 352 1052 Germanicae
376 1022 408 1051 in
434 1024 591 1052 nostrates
616 1023 700 1052 viros
721 1022 915 1052 clarissimos
941 1021 1108 1062 superbiae
1129 1022 1320 1052 documenta

105 1079 166 1108 iam
192 1077 322 1119 praebui
347 1079 379 1108 in
404 1079 505 1119 capite
528 1079 631 1119 primo
655 1078 752 1109 huius
776 1078 932 1109 Sectionis
957 1081 987 1109 et
1010 1078 1191 1119 praebenda
1216 1082 1319 1118 erunt,

104 1135 271 1175 praecipue
307 1135 337 1164 in
375 1134 521 1166 Sectione
557 1135 595 1166 de
631 1134 730 1166 Geelii
766 1135 1013 1166 Phoenissarum
1048 1135 1194 1166 editione.
1221 1134 1321 1165 Multa

102 1191 162 1221 alia
199 1191 345 1231 conquiri
380 1194 526 1231 possunt,
559 1192 584 1222 si
610 1192 690 1222 tanti
714 1194 770 1231 est,
793 1201 865 1222 cum
891 1201 931 1222 ex
957 1191 1155 1222 Bibliotheca
1179 1201 1222 1222 cr.
1248 1201 1320 1222 nov.

101 1249 168 1277 tum
204 1256 244 1277 ex
281 1247 351 1277 aliis
384 1247 497 1288 prioris
529 1248 627 1288 partis
660 1248 778 1278 saeculi
811 1248 983 1288 superioris
1008 1247 1097 1278 libris
1122 1251 1152 1278 et
1176 1248 1319 1288 epheme-

102 1303 234 1334 ridibus.

145 1359 268 1398 Contra,
303 1360 430 1400 qualem
455 1361 523 1401 ipse
549 1360 623 1391 Geel
648 1362 731 1391 inter
752 1361 921 1400 utriusque
941 1360 1079 1390 nationis
1100 1361 1186 1391 viros
1211 1360 1320 1390 doctos

102 1417 255 1447 rationem
292 1416 488 1447 intercedere
513 1417 616 1456 vellet,
641 1417 690 1447 his
714 1416 820 1448 verbis
845 1416 1102 1453 adumbravit⁴):
1128 1416 1319 1457 „aliquando

103 1473 269 1503 ridiculam
306 1472 371 1504 fere
396 1473 558 1514 querelam
584 1475 732 1504 omittant
756 1473 905 1504 Germani
931 1475 961 1504 et
984 1473 1118 1514 discant,
1143 1483 1205 1503 non
1231 1474 1321 1514 igno-

492 964 510 977 7)
522 964 539 977 57

103 1530 164 1560 rari
199 1540 217 1560 a
241 1530 342 1570 nobis,
367 1529 485 1570 quibus
510 1531 712 1571 ingeniorum
738 1529 915 1560 luminibus
940 1529 1110 1560 Germania
1133 1530 1321 1561 illustretur.

102 1585 301 1627 Suspicionis
343 1586 412 1617 loco
447 1586 574 1617 tandem
610 1587 759 1617 succedat
795 1589 906 1617 mutua
943 1587 1092 1617 voluntas
1128 1587 1321 1627 virtutisque

102 1652 138 1673 ac
172 1645 255 1674 recte
278 1643 415 1674 faciendi
439 1643 620 1683 aemulatio,
646 1643 750 1684 qualis
775 1643 865 1674 decet
888 1645 999 1684 gentes
1024 1652 1065 1674 ex
1090 1643 1197 1673 eadem
1224 1643 1321 1683 stirpe

101 1698 301 1740 prognatas'’.

146 1755 250 1787 Verba
281 1756 369 1787 eius:
404 1755 623 1796 „Cavebimus‚
647 1756 769 1795 Batavi,
792 1755 844 1786 σὺν
868 1756 941 1794 Θεῷ,
967 1765 1007 1786 ne
1031 1765 1111 1796 resp.
1136 1758 1244 1786 nostra
1269 1756 1319 1787 de-

101 1813 285 1843 trimentum
311 1812 435 1853 capiat''
449 1812 475 1853 ⁵)
500 1814 607 1844 inania
632 1823 695 1844 non
720 1813 860 1844 fuerunt.
881 1813 1003 1844 Revera
1028 1814 1112 1843 enim
1138 1813 1213 1843 Geel
1238 1813 1319 1843 eius-

101 1879 163 1909 que
194 1870 287 1899 amici
319 1871 456 1900 assecuti
488 1872 574 1910 sunt,
606 1870 691 1911 quod
724 1869 883 1900 volebant.
917 1869 1062 1900 Ducibus
1091 1870 1139 1899 his
1164 1872 1320 1900 nostrates

133 2016 159 2047 1)
179 2016 306 2047 „Studien
335 2023 367 2040 en
393 2016 520 2041 Schetsen
540 2024 603 2041 over
624 2016 836 2041 Vnderlandsche
855 2016 1043 2040 Gescliiedenis
1061 2023 1093 2039 en
1113 2016 1236 2039 Letteren
1259 2016 1321 2039 door

102 2056 130 2080 R.
149 2055 176 2079 C.
197 2055 347 2079 Bakhuizen
366 2063 415 2079 van
433 2056 484 2080 den
505 2056 604 2080 Brink‘'
625 2056 679 2079 Vol.
698 2056 740 2079 lll.
761 2063 784 2086 p.
803 2055 858 2079 427.
880 2054 957 2079 Prius
975 2055 1057 2078 oratio
1076 2055 1144 2078 edita
1165 2054 1321 2084 estaASCss,

102 2095 155 2124 ubi,
174 2102 241 2126 quae
260 2095 349 2125 attuli,
367 2095 494 2126 leguntur
514 2103 538 2126 p.
556 2095 596 2119 29.

133 2134 160 2165 2)
179 2134 216 2158 Cs.
243 2137 379 2165 praeterea
409 2135 482 2158 Bakii
511 2135 596 2159 Scliol.
625 2135 754 2166 llypoinn.
781 2136 859 2165 (quae
886 2134 974 2157 Geelio
1002 2133 1120 2157 dedicata
1146 2134 1321 2164 s11nt)praes.

103 2181 126 2204 p.
146 2173 202 2197 V1.:
230 2173 295 2205 „Sed
325 2174 427 2204 primus
447 2175 501 2197 sere
528 2174 730 2198 consuetudinis
759 2176 863 2197 nostrae
892 2174 995 2196 fructus
1022 2173 1123 2196 exstitit
1144 2172 1320 2195 Bibliothecae

102 2213 214 2237 Criticae
233 2213 321 2236 Novae
340 2213 456 2237 edendae
474 2213 640 2237 consilium''.

136 2252 164 2283 3)
182 2253 218 2276 l.l.
235 2260 258 2283 p.
277 2252 325 2276 428
344 2253 480 2283 (editionis
498 2260 521 2277 a.
539 2252 605 2277 1865
625 2261 648 2284 p.
668 2252 719 2281 29).

136 2292 163 2323 4)
182 2291 247 2315 Bibl.
266 2299 303 2316 cr.
322 2299 381 2315 nov.
400 2292 455 2315 Vol.
475 2292 504 2315 Il.
525 2299 548 2322 p.
567 2291 623 2315 319.

135 2330 162 2360 5)
180 2331 232 2353 Vol.
253 2330 283 2353 II.
304 2338 327 2361 p.
346 2330 410 2359 31&
429 2332 460 2354 cs.
480 2331 561 2354 huius
580 2331 709 2354 Sectionis
729 2338 752 2360 p.
772 2330 799 2353 Η
822 2338 869 2360 sq.,
888 2330 927 2359 18,
946 2330 985 2359 QG,
1004 2329 1044 2354 3‘2.
