1673 2768
677 312 717 340 25

133 404 151 443 ξ
176 403 231 434 4b.
261 404 306 434 Ad
328 404 490 434 historiam
513 404 682 434 literariam
705 412 834 443 quoque
855 403 989 443 pertinet
1009 403 1232 432 commentatio
1248 402 1305 440 „de

87 459 224 491 Oraculo
259 459 444 500 Delphico'’,
476 470 502 490 a.
537 461 620 490 1832
638 458 660 496 1)
694 459 825 490 recitata
856 460 888 489 in
915 458 1022 489 Classe
1047 459 1138 489 tertia
1162 458 1305 489 Instituti

88 517 165 558 regii
198 516 319 557 Belgici
335 515 367 556 2),
400 526 495 557 quam
530 526 556 547 a.
584 517 667 546 1838
693 526 758 546 una
782 525 855 546 cum
882 515 953 546 aliis
978 514 1248 556 disputationibus
1272 515 1304 543 in

91 573 297 613 „Onderzoek
321 582 359 604 en
385 572 578 604 Phantasie''
604 572 702 604 edidit
717 570 750 610 3).

132 629 173 660 Et
203 630 277 660 huic
309 630 405 670 priori
430 633 460 660 et
485 630 574 660 alteri
600 629 741 669 editioni,
766 638 848 669 quae
872 628 987 669 prodiit
1013 638 1038 658 a.
1067 628 1160 666 1841,
1184 626 1305 657 addidit

89 686 261 717 nonnullas
296 687 527 717 annotationes.
559 685 630 716 Van
664 685 818 726 Limburg
850 685 1003 715 Brouwer
1036 685 1120 715 enim
1146 685 1179 713 in
1205 692 1307 723 opere,

91 744 145 773 cui
181 742 312 773 titulus:
352 742 512 781 „Histoire
548 742 586 774 de
621 742 650 773 la
681 741 912 781 Civilisation”,
934 745 1006 772 tom.
1032 740 1087 780 V1,
1119 740 1306 771 sententiam

89 799 189 830 Geelii
215 802 464 840 oppugnaverat.

134 857 170 886 A.
205 857 288 886 1838
317 855 484 887 confessus
509 858 557 886 est
581 855 771 886 Hiillmanni
796 854 877 885 libro
905 853 1131 894 „Wiirdigung
1155 853 1210 883 des
1234 851 1307 883 Del—

89 913 239 953 phischen
271 911 425 943 Orakels’'
453 912 589 953 perlecto
615 921 648 943 se
671 915 763 942 antea
786 911 920 942 fortasse
944 911 1040 941 nimis
1065 912 1212 941 secutum
1238 917 1307 939 esse

90 969 292 1010 ingeniosum
323 969 413 999 illum
439 968 610 999 Miillerum
628 968 657 1006 ³).
682 967 836 1008 Depinxit
861 967 1001 998 indolem
1027 970 1090 997 tam
1115 965 1307 1006 populorum

91 1024 225 1056 Doricae
261 1026 369 1066 stirpis
406 1035 502 1066 quam
538 1025 682 1063 Ionicae3
719 1024 868 1065 exposuit
904 1033 1024 1062 eorum,
1058 1023 1112 1063 qui
1144 1021 1307 1053 oraculum

91 1081 317 1121 condidissent,
342 1091 406 1112 non
431 1081 489 1111 hoc
514 1080 614 1112 fuisse
639 1080 819 1119 consilium,
844 1083 878 1110 ut
898 1079 1006 1110 futura
1026 1080 1308 1119 cognoscerent—

91 1137 190 1168 futuri
220 1139 385 1169 scientiam
411 1147 451 1168 ne
476 1137 644 1178 optandam
671 1137 799 1177 quidem
824 1146 894 1167 esse
920 1154 970 1175 —,
995 1135 1050 1166 sed
1077 1138 1110 1166 ut
1134 1133 1309 1165 comfirma-

93 1197 163 1225 rent
188 1195 335 1225 instituta
359 1197 389 1225 et
413 1194 498 1235 leges
522 1203 606 1225 suaS.

136 1305 155 1345 ξ
192 1306 219 1336 5.
256 1305 389 1335 Annum
427 1305 522 1345 1840,
553 1314 616 1345 quo
650 1304 725 1336 Geel
759 1304 964 1345 Olympicum
988 1292 1095 1342 edidit,
1119 1303 1200 1333 duae
1226 1312 1309 1333 com-

93 1362 301 1392 mentationes
326 1362 616 1402 praestantissimae
641 1363 895 1392 antecesserunt:
918 1360 1014 1391 altera
1035 1360 1073 1390 de
1086 1358 1311 1400 Xenophontis

92 1419 250 1459 Apologia
284 1417 424 1449 Socratis
458 1428 494 1449 ac
530 1421 689 1458 postremo
725 1418 827 1458 capite
859 1416 1124 1455 Memorabilium,
1148 1416 1246 1446 altera
1271 1415 1310 1446 de

93 1475 263 1506 Stesichori
289 1474 461 1505 Palinodia.

137 1531 206 1562 Hac
241 1532 436 1572 paragrapho
468 1534 575 1562 autem
608 1531 685 1561 mihi
710 1533 802 1562 antea
827 1529 1106 1561 commemoranda
1131 1531 1206 1559 sunt
1231 1538 1308 1558 non-

94 1588 182 1619 nulla
206 1588 266 1618 alia
280 1586 320 1626 ⁵):

138 1645 282 1686 epistula,
315 1654 409 1685 quam
442 1644 470 1675 d.
503 1645 543 1675 20
577 1654 617 1674 m.
650 1643 724 1674 Maii
749 1654 775 1674 a.
804 1644 887 1673 1833
914 1643 980 1673 viro
1005 1642 1183 1673 clarissimo
1208 1641 1311 1672 Kistio

94 1703 125 1732 in
162 1701 271 1741 diario,
303 1701 354 1731 cui
386 1710 500 1732 nomen
529 1700 682 1740 „Archief
705 1710 781 1730 voor
805 1699 976 1739 kerkelijke
1001 1697 1249 1729 Geschiedenis⁷'
1275 1697 1313 1728 de

93 1820 230 1847 oniissa1n;
258 1819 372 1849 pertinet
391 1818 462 1842 enim
484 1818 625 1848 praecipue
644 1818 673 1841 ad
696 1817 879 1848 Xenophontis
899 1817 1051 1848 Apologiam
1071 1816 1194 1846 Socratis,
1210 1816 1241 1839 de
1261 1823 1313 1846 qua

94 1859 163 1883 infra
181 1859 330 1889 scripturus
349 1866 417 1882 sum.

127 1899 152 1928 1)
173 1898 240 1929 „Het
258 1898 384 1928 volgende
402 1897 495 1928 opstel,
513 1904 556 1920 zoo
576 1897 614 1920 als
635 1897 678 1920 het
698 1904 733 1920 nu
754 1896 869 1928 gedrukt
890 1896 982 1925 wordt,
1001 1896 1022 1919 is
1042 1902 1083 1919 zes
1100 1895 1176 1925 jaren
1195 1894 1314 1925 geleden,

94 1939 121 1962 in
148 1938 192 1961 het
221 1938 349 1961 lnstituut
377 1936 576 1968 voorgeleze11'’:
597 1936 749 1960 Ouderzoek
768 1943 801 1960 en
820 1936 970 1966 Phantasie,
988 1935 1058 1959 edita
1078 1942 1103 1958 a.
1121 1934 1194 1964 1838,
1215 1942 1238 1964 p.
1257 1933 1314 1957 275.

127 1977 153 2007 2)
172 1977 209 2001 Cf.
228 1977 343 2001 Historia
362 1976 457 2001 Classis
478 1976 579 2006 tertiae,
599 1983 621 1999 a.
641 1975 717 2007 1833,
735 1983 758 2006 p.
778 1976 840 1999 LIV.

126 2016 153 2047 3)
174 2016 325 2040 Bakhuizen
345 2024 394 2040 vau
413 2016 464 2040 den
483 2016 575 2045 Brink,
594 2015 640 2046 qui
659 2016 751 2039 eodem
771 2023 840 2039 anno
859 2015 885 2039 in
904 2015 998 2046 diario,
1015 2015 1057 2038 cui
1069 2021 1165 2038 nornen
1178 2013 1224 2044 „de
1236 2012 1315 2036 Gids''

95 2055 133 2084 (in
153 2058 226 2086 parte
246 2055 583 2086 „Boekbeoordeelingen'')
603 2054 721 2079 Geeliani
741 2055 800 2078 libri
821 2061 961 2078 censuram
981 2054 1042 2085 egit,
1063 2061 1086 2084 p.
1099 2052 1147 2077 464
1157 2053 1222 2076 haec
1232 2052 1314 2083 signi-

95 2095 195 2119 ficavit:
224 2095 344 2126 „Terwijl
373 2094 413 2126 wij
443 2095 487 2118 het
515 2094 572 2125 (sel.
593 2094 677 2125 „Over
696 2094 741 2118 het
763 2094 920 2124 Delphische
939 2092 1064 2123 Or.ikel'')
1085 2100 1117 2123 op
1136 2100 1200 2122 eene
1216 2092 1314 2116 andere

96 2135 179 2165 plaats
196 2134 330 2158 dankbaar
348 2133 448 2157 zouden
467 2136 619 2164 ontvangen
638 2133 750 2162 hebben,
772 2133 873 2156 hadden
894 2140 932 2156 we
952 2132 1009 2156 hier
1027 2132 1054 2156 in
1074 2132 1112 2156 dit
1130 2131 1314 2162 boekjeliever

96 2181 219 2205 vroegere
237 2173 365 2204 opstellen
386 2180 436 2197 van
455 2173 523 2197 pros.
545 2173 606 2198 Geel
628 2173 767 2204 vereenigd
788 2172 934 2204 gevonden,
953 2180 997 2196 zoo
1016 2172 1053 2195 als
1079 2190 1084 2196 .
1096 2190 1101 2195 .
1113 2191 1118 2196 .
1130 2171 1158 2196 .''

129 2213 156 2244 4)
172 2213 198 2237 C.
217 2213 246 2238 O.
264 2213 369 2237 Miilleri
388 2213 496 2242 librum,
514 2213 556 2236 cui
579 2212 674 2236 titulus
694 2215 733 2236 est
754 2212 811 2243 „die
832 2211 950 2235 Dorier''.

129 2253 166 2276 Cf.
186 2252 355 2284 „Onderzoek
373 2260 407 2276 en
427 2252 585 2276 Phantasie”
598 2252 615 2282 ¹,
634 2260 657 2282 p.
677 2251 734 2275 278.

130 2292 157 2322 5)
176 2292 275 2316 Omitto
293 2293 375 2316 Geelii
395 2292 536 2316 nonnullas
555 2292 693 2322 epistulas,
712 2298 780 2321 quae
800 2290 942 2321 praecipue
960 2290 991 2314 ad
1012 2298 1068 2314 rem
1087 2289 1315 2314 bibliothecariam

98 2331 262 2362 pertinentes
279 2339 293 2355 a
310 2332 372 2355 viris
390 2331 473 2355 doctis
495 2333 557 2355 sunt
578 2331 673 2354 editae.
