1673 2768
732 294 769 323 71

189 385 374 417 Bakhuizen
400 396 459 417 van
485 387 546 418 den
571 387 671 417 Brink
696 387 744 416 his
771 385 874 417 verbis
899 385 1053 416 iudicium
1075 395 1169 416 suuni
1184 386 1356 417 conclusit:

147 441 230 480 „Het
253 442 279 472 is
303 451 361 473 een
386 442 524 482 blijvend
547 443 795 484 gedenkteeken‚
820 442 873 472 dat
897 452 954 472 ons
979 442 1159 481 vaderland,
1184 443 1236 472 het
1251 443 1358 473 vader-

143 497 217 528 land
254 508 314 528 van
350 498 584 538 Hemsterhuys
619 509 657 530 en
685 499 890 539 Valckenaer,
917 498 945 528 al
970 508 1062 539 moge
1087 498 1124 529 de
1149 502 1239 539 oogst
1263 499 1359 539 zijner

145 554 343 585 uitstekende
370 554 563 587 Literatoren
596 556 662 586 niet
686 555 787 596 talrijl(
811 556 881 595 zijn,
906 555 1012 586 eehter
1036 564 1174 585 mannen
1199 556 1231 585 in
1256 556 1358 595 zijnen

143 611 252 641 schoot
287 611 392 651 voedt,
424 612 474 643 die
506 612 544 643 de
569 613 768 652 wetensohap
792 612 848 642 der
872 611 963 642 Oude
988 611 1201 642 Letterkunde
1225 611 1358 652 gelijken

142 667 210 698 tred
234 667 315 698 doen
340 668 467 699 houden
493 672 555 700 met
580 669 618 700 de
638 669 851 700 schitterende
865 669 1084 709 vorderingen,
1099 668 1197 699 welke
1210 667 1358 698 Duitsoh-

141 723 216 754 land
240 724 348 755 daarin
370 724 496 755 maakt”
512 723 541 763 ¹).

187 779 312 820 Emper,
348 782 402 821 qui
438 781 476 811 ab
513 781 728 813 Herwerdeno
752 781 930 822 appellatur
957 790 1033 819 „een
1059 781 1113 811 der
1137 781 1358 812 sohranderste

143 845 181 866 en
216 837 392 877 geleerdste
416 837 613 869 Hellenisten
640 839 695 869 der
720 839 775 868 19Θ
801 837 911 869 eeuw’'
927 836 963 877 ²),
987 838 1045 868 hoc
1069 837 1224 868 iudicium
1250 840 1358 878 protu-

141 893 192 923 lit:
223 903 277 931 „so
302 893 429 929 evident
455 894 586 925 manche
611 894 873 933 Emendationen,
898 904 932 925 so
957 893 1181 934 iiberzeugend
1202 893 1282 924 viele
1304 893 1358 924 der

140 949 323 990 gegebenen
360 950 583 992 Erkliirungen
619 951 701 990 sind,
736 960 771 981 so
810 950 1060 981 unvermeidlich
1086 959 1189 981 waren
1215 950 1358 981 einzelne

141 1005 316 1046 Fehlgriffe,
352 1006 451 1037 selbst
487 1007 535 1038 bei
572 1007 626 1037 der
661 1010 892 1038 vertrautesten
929 1005 1180 1037 Bekanntschaft
1212 1007 1268 1036 mit
1304 1006 1358 1037 der

141 1061 331 1093 Denkweise
366 1063 432 1093 und
467 1063 606 1104 Sprache
642 1063 697 1094 des
732 1062 802 1102 Dio,
839 1063 889 1093 die
913 1062 968 1093 der
992 1061 1047 1093 Hr.
1073 1062 1158 1094 Verf.
1184 1063 1218 1092 in
1241 1062 1356 1093 hohem

142 1118 245 1149 Grade
281 1119 348 1149 sich
384 1129 425 1150 zu
461 1120 551 1160 eigen
587 1120 733 1160 gemacht
768 1118 887 1158 hat’'³).
924 1119 965 1150 Et
998 1119 1032 1149 in
1056 1119 1119 1149 fine
1144 1119 1219 1150 haec
1244 1118 1354 1150 habet:

143 1174 269 1213 „Wonn
294 1184 327 1206 es
352 1175 463 1216 irgend
489 1176 591 1207 einem
618 1176 787 1207 Gelehrten
812 1176 900 1206 nieht
925 1185 978 1206 um
1003 1175 1063 1206 den
1077 1176 1238 1215 traurigen
1251 1174 1356 1206 Ruhm

141 1231 196 1262 des
220 1230 496 1271 Reofflbehaltens,
522 1232 659 1263 sondern
684 1243 738 1263 um
763 1233 813 1263 die
837 1232 1039 1273 Auffindung
1063 1232 1118 1263 der
1138 1231 1304 1263 Wahrheit
1316 1242 1356 1263 zu

145 1288 225 1318 thun
249 1289 301 1328 ist,
325 1298 359 1319 so
385 1290 426 1319 ist
449 1289 533 1320 diess
558 1287 614 1319 Hr.
640 1288 699 1320 G.’‘
715 1289 746 1327 ⁴).

184 1344 336 1375 Secutum
361 1348 409 1376 est
434 1345 533 1376 Geelii
558 1346 597 1376 ad
622 1345 807 1386 Emporium
833 1355 1022 1386 responsum
1036 1344 1068 1384 ⁵).
1093 1345 1172 1376 Cum
1194 1347 1300 1376 autem
1320 1345 1357 1376 R.

140 1400 249 1442 Unger
286 1401 480 1442 „Epistolam
505 1402 667 1433 criticam”
682 1402 707 1443 6)
732 1403 994 1433 contumeliosam
1020 1402 1168 1443 Emperio
1193 1404 1224 1433 et
1248 1401 1356 1433 Geelio

139 1458 288 1498 misisset,
312 1457 429 1499 Emper
453 1459 536 1489 viam
560 1468 651 1490 suam
677 1462 707 1490 et
731 1459 885 1490 rationem
907 1458 1047 1490 defendit
1060 1468 1085 1489 a.
1102 1459 1185 1489 1842
1199 1459 1233 1488 in
1246 1458 1355 1490 eodem

139 1514 238 1544 diario
253 1513 274 1551 7)
311 1517 340 1545 et
373 1514 448 1546 Geel
481 1515 576 1556 paulo
601 1519 671 1556 post
685 1515 707 1553 ⁸)
732 1517 837 1546 virum
864 1515 1113 1546 stomachantem
1140 1514 1261 1546 urbane
1284 1515 1352 1545 irri-

139 1570 217 1601 dens
231 1569 253 1609 9)
278 1571 507 1602 demonstravit
532 1581 595 1602 non
622 1572 728 1602 minus
749 1581 842 1612 saepe
863 1571 1028 1612 Ungerum
1043 1582 1060 1602 a
1074 1574 1163 1602 textu
1178 1572 1355 1603 recessisse.

171 1723 197 1754 1)
217 1724 252 1748 l.l.
275 1731 299 1754 p.
327 1723 383 1748 625.
412 1724 482 1752 Quae
509 1724 572 1748 Geel
598 1724 733 1755 respondit
762 1724 908 1748 Hamakera
927 1725 954 1748 in
973 1725 1064 1748 eodeni
1082 1725 1164 1749 diario
1183 1732 1205 1749 a.
1224 1724 1288 1749 1906
1308 1726 1356 1749 vol.

140 1763 182 1787 ΙΙΙ.
201 1770 223 1793 p.
243 1763 376 1787 424—43‘2
395 1763 485 1787 edidit.

172 1802 198 1833 2)
218 1803 307 1834 Diarii,
325 1804 368 1827 cui
388 1811 483 1827 nomen
504 1803 668 1834 „Museum'‘‚
686 1811 708 1828 a.
727 1803 793 1827 1893
814 1804 861 1827 col.
879 1802 935 1828 429.

173 1842 244 1866 Idem
266 1842 339 1866 valde
359 1845 463 1866 amatus
485 1846 509 1866 et
529 1843 652 1867 laudatus
670 1846 710 1867 est
729 1851 742 1867 a
762 1844 859 1872 Geelio,
879 1843 1058 1867 Bakhuizenio
1073 1844 1353 1875 (cf.„Briefwisseling

141 1889 188 1905 van
215 1882 367 1906 Bakhuizen
396 1890 445 1906 van
464 1883 514 1906 den
535 1883 641 1913 Brink''‚
661 1891 740 1914 quam
759 1883 840 1907 edidit
858 1883 882 1907 S.
902 1883 1006 1912 Mulier,
1026 1890 1049 1913 p.
1069 1882 1108 1913 60,
1127 1882 1180 1914 61),
1197 1883 1292 1907 Cobeto
1311 1884 1356 1915 (cf.

140 1921 267 1952 „Brieven
289 1929 339 1945 van
358 1921 438 1946 Cobet
457 1929 506 1946 nan
525 1921 602 1946 Geel*
623 1930 646 1953 p.
664 1922 733 1952 536).

171 1960 199 1991 3)
218 1961 384 1991 „Zeitschril't
402 1962 446 1985 ssu·
463 1961 505 1985 die
523 1961 891 1986 Alterthumswissenschast''
910 1969 932 1985 a.
951 1960 1013 1985 1841
1034 1961 1081 1985 col.
1100 1961 1156 1985 341.

171 2000 198 2030 4)
215 2000 250 2024 l.l.
269 2000 317 2024 col.
336 2000 393 2024 372.

171 2039 198 2069 5)
217 2039 250 2064 Ut
277 2043 386 2070 apparet
412 2047 443 2063 ex
467 2040 549 2064 diario
574 2041 652 2064 allato
671 2049 693 2064 a.
713 2040 778 2064 1842
798 2041 845 2065 col.
863 2039 892 2064 91
914 2048 961 2071 sq.,
980 2040 1025 2064 ubi
1045 2040 1142 2071 legitur
1161 2041 1275 2071 epistula
1295 2041 1355 2065 Em-

138 2080 204 2110 perii
222 2079 253 2103 ad
273 2079 394 2104 Geelium
414 2080 481 2104 data.

172 2118 199 2149 6)
218 2119 262 2142 Est
280 2119 307 2142 in
325 2119 522 2150 Programmate
542 2119 740 2144 Friedlandensi
759 2127 780 2143 a.
800 2119 873 2143 1841.

172 2157 197 2188 7)
215 2157 269 2182 Col.
287 2157 428 2183 200—234.

172 2197 199 2227 8)
216 2197 268 2221 Col.
291 2197 430 2222 400—408.

172 2236 199 2267 9)
218 2237 296 2261 Velut
315 2238 362 2262 col.
381 2237 442 2262 402:
464 2238 541 2269 „suga
560 2237 683 2267 salutem,
699 2238 819 2268 Einperil
831 2238 969 2266 κ’στρκπτει,
982 2240 1091 2267 συγκυκᾷ
1102 2238 1143 2264 τὴν
1155 2237 1288 2262 Ἐλλάὸκ,”
1298 2238 1357 2270 Sed,

142 2279 170 2300 ut
205 2276 241 2304 fit,
271 2277 325 2301 viro
353 2277 452 2302 rustico
479 2285 530 2302 non
557 2278 671 2301 multum
691 2278 798 2308 profuit,
818 2285 878 2301 nam
898 2277 985 2308 Unger
1003 2277 1085 2301 diario
1104 2277 1174 2301 misit
1194 2281 1356 2302 commenta-

140 2317 239 2340 tionem
262 2316 442 2347 longissimam
461 2319 492 2348 (c.
512 2316 697 2347 1137—1‘206)‚
717 2318 743 2341 in
765 2325 816 2348 qua
835 2325 886 2340 non
907 2318 996 2341 minus
1015 2317 1144 2341 inurbane
1165 2317 1265 2341 saeviit.
