1673 2768
728 789 980 830 SECTIO
1017 790 1118 830 III.

580 894 630 926 De
654 893 771 927 Geelii
795 894 954 926 editione
978 893 1271 926 Phoenissarum.

807 1134 989 1165 CAPUT
1024 1134 1049 1164 I.

366 1237 436 1263 QUID
468 1237 544 1258 GEEL
575 1237 725 1258 EURIPIDIS
753 1237 937 1257 PHOENISSAS
960 1236 1060 1257 DENUO
1085 1237 1180 1257 EDENS
1206 1237 1263 1257 SIBI
1288 1236 1491 1257 PROPOSUERIT

562 1293 708 1320 QUAMQUE
739 1294 817 1314 VIAM
841 1293 879 1314 AC
903 1293 1055 1314 RATIONEM
1080 1293 1124 1314 SIT
1149 1293 1290 1314 SECUTUS.

366 1378 384 1417 ξ
411 1377 437 1407 l.
463 1377 501 1407 In
521 1377 657 1417 epistula
681 1377 708 1407 d.
735 1378 755 1407 4
780 1387 819 1407 m.
845 1376 911 1408 Oct.
937 1387 962 1408 a.
992 1377 1075 1407 1846
1102 1377 1140 1407 ad
1166 1376 1199 1407 C.
1225 1376 1261 1408 G.
1284 1375 1317 1408 C.
1338 1375 1534 1407 Reinwardt-

321 1434 388 1463 ium
423 1443 441 1463 a
477 1433 583 1464 Goelio
619 1435 735 1474 scripta
750 1432 777 1475 ¹)
812 1434 964 1474 legimus:
1005 1433 1099 1472 „daar
1135 1433 1208 1464 heht
1243 1442 1282 1473 ge
1317 1442 1374 1463 een
1406 1432 1534 1463 kleinen

321 1493 430 1530 partus
462 1500 522 1520 van
554 1491 614 1530 mij,
636 1490 831 1521 Reinwardti
855 1490 1044 1528 carissime!,
1069 1493 1132 1520 met
1156 1499 1212 1521 een
1238 1490 1381 1530 placenta
1405 1499 1439 1520 er
1462 1489 1535 1520 ach-

322 1549 384 1577 ter:
420 1546 480 1577 dus
515 1547 542 1577 is
578 1547 615 1578 de
649 1547 808 1588 bevalling
839 1547 1001 1587 compleet.
1025 1546 1068 1577 Of
1089 1547 1141 1577 het
1166 1547 1242 1577 kind
1270 1556 1390 1577 wassen
1415 1546 1472 1585 zal,
1496 1555 1535 1576 en

321 1603 442 1643 genade
466 1603 513 1633 zal
538 1603 653 1634 vinden
679 1603 717 1643 bij
744 1604 782 1634 de
806 1604 989 1642 menschen,
1011 1603 1059 1633 zal
1083 1603 1115 1633 ik
1139 1603 1322 1633 afwachten.
1344 1602 1408 1633 Het
1421 1603 1535 1633 terrein

322 1669 382 1690 van
418 1660 491 1699 miJ'n
529 1659 713 1700 onderwerp
748 1669 813 1690 was
847 1659 1012 1700 glibberig.
1036 1659 1148 1690 Indien
1172 1660 1211 1700 gij
1238 1669 1323 1690 soms
1347 1659 1411 1690 lust
1434 1659 1536 1699 krijgt,

324 1716 370 1746 uit
404 1716 621 1756 genegenheid
656 1725 733 1747 voor
768 1717 828 1756 mij,
863 1716 915 1747 het
951 1716 1030 1746 boek
1067 1725 1141 1746 eens
1172 1717 1259 1747 inte
1284 1717 1363 1754 zien,
1387 1716 1451 1746 lees
1475 1716 1535 1746 dan

323 1776 403 1803 twee
434 1776 547 1803 noten:
581 1783 608 1813 p.
637 1773 697 1803 173
722 1782 768 1813 sq.
791 1771 847 1813 (ad
871 1782 901 1802 v.
928 1771 1162 1813 1122—1126)
1187 1781 1224 1803 en
1250 1782 1279 1812 p.
1308 1773 1368 1802 182
1394 1782 1462 1812 sqq.
1486 1771 1536 1809 (ad

323 1838 353 1859 v.
394 1827 627 1870 1190—1194)
641 1827 681 1870 2).
717 1829 758 1869 Zij
793 1829 924 1859 kunnen
959 1838 979 1859 u
1005 1829 1084 1859 doen
1110 1829 1190 1869 zien,
1216 1832 1277 1859 wat
1302 1829 1375 1868 miJn
1400 1828 1472 1868 plan
1498 1837 1535 1858 en

323 1885 470 1916 methode
493 1888 629 1926 geweest
653 1885 710 1916 is”.

366 1941 475 1972 Infans
498 1942 552 1972 ille
576 1942 759 1972 chartaceus
782 1941 932 1982 Lugduni
952 1941 1145 1972 Batavorum
1171 1941 1256 1982 apud
1280 1940 1321 1971 H.
1342 1940 1391 1971 W.
1413 1940 1535 1971 Hazen-

323 1997 400 2038 berg
424 1999 448 2028 ἃ
471 1997 579 2029 Socios
603 2008 628 2029 a.
656 1998 738 2029 1846
764 1999 795 2028 in
820 1998 924 2029 lucem
950 1998 1080 2038 prodiit3
1107 2007 1222 2028 nomen
1247 1998 1274 2028 oi
1299 2000 1362 2028 est:
1391 1997 1536 2038 „Euripi-

324 2054 372 2084 dis
407 2054 609 2093 Phoenissae,
645 2064 717 2085 cum
754 2054 986 2085 Commentario
1022 2054 1119 2085 edidit
1150 2053 1291 2084 Ja‹.·obus
1317 2053 1453 2084 Geelius.
1479 2053 1538 2084 Cui

325 2109 449 2140 Scholia
484 2112 614 2151 antiqua
648 2112 680 2141 in
719 2111 881 2152 Euripidis
916 2110 1103 2150 Tragoedias
1135 2111 1247 2151 partim
1282 2110 1400 2140 inedita
1425 2111 1537 2150 partim

325 2166 417 2197 editis
441 2168 612 2208 integriora
636 2167 784 2198 adiunxit
808 2167 840 2198 C.
865 2167 900 2198 G.
924 2166 1105 2198 Cobetius'‘.

358 2276 385 2307 1)
405 2277 562 2301 Asservatur
581 2278 607 2302 in
628 2278 788 2302 Bibliotheca
808 2278 936 2303 Leidensi.

359 2316 385 2348 2)
405 2318 479 2348 Apud
500 2318 652 2342 Nauckium
672 2321 697 2342 et
717 2318 913 2343 Weckleinium
933 2326 969 2342 vs.
986 2317 1151 2341 1114—1118
1168 2320 1194 2341 et
1213 2325 1249 2341 vs.
1268 2316 1439 2342 1182-1186.
