1673 2768
855 273 915 303 136

277 364 363 402 ο’μμοι
387 364 521 404 δοικρυοέν
546 375 607 395 non
634 365 716 396 idem
741 374 810 395 esse
835 367 930 405 atque
954 363 1040 401 ἕμμοι
1065 363 1265 402 δοικρυρροοῦν;
1292 365 1338 403 „si
1352 364 1491 404 quidem,

278 422 391 462 inquit,
416 431 462 452 oc
477 421 555 452 ulu
570 431 584 452 s
610 421 670 451 dici
695 424 797 461 potest
821 421 977 460 lacrymas
1002 420 1144 459 fundere,
1169 421 1299 451 minime
1323 430 1397 451 vero
1422 422 1491 451 eius

278 478 477 518 spectio:
513 478 597 508 unde
629 478 720 518 sequi
745 480 833 518 puto,
855 478 886 507 in
913 477 999 517 vulg.
1025 477 1159 507 lectione
1183 475 1269 514 ἔμμοι
1293 480 1398 508 tamen
1423 486 1492 508 esse

278 535 416 573 oculum,
452 534 536 575 quod
568 535 628 575 ipsi
659 534 755 564 huius
780 534 924 564 lectionis
948 533 1129 564 defensores
1153 534 1222 565 iure
1245 544 1303 564 suo
1327 534 1493 565 admittere

278 591 399 621 nolunt.
435 590 571 621 Difficile
607 600 682 621 sane
706 591 744 621 ad
769 590 1031 630 distinguendum
1057 594 1103 621 est
1127 591 1159 620 in
1186 591 1295 621 multis
1320 590 1396 621 locis
1421 599 1492 631 poe-

278 651 391 686 tarum,
426 648 508 678 sitne
540 646 626 684 ἕμμκ
651 647 819 677 oculus
844 657 882 676 an
909 648 1112 687 specti03
1138 647 1191 677 sed
1217 657 1374 687 nusquam
1399 647 1493 678 credo

279 705 336 734 hac
367 706 520 744 potestate
551 712 628 742 esse,
653 703 713 733 nisi
739 702 869 733 obtutus
893 702 1000 743 aliquo
1026 703 1119 743 dirigi
1143 706 1198 733 aut
1222 703 1344 733 dicatur
1367 706 1422 733 aut
1446 703 1493 733 in-

279 760 446 800 telligatur.
470 759 617 800 Denique
642 760 699 789 hoc
724 759 843 790 attendi
869 759 973 798 velim,
999 759 1102 790 verbis
1127 758 1197 796 ὀἴομ’
1224 758 1299 797 ἔχων
1312 759 1494 797 δοικρυρροοῦν

279 820 425 847 accurate
460 816 632 857 significari
667 825 837 856 perennem
875 816 1086 855 lacrymarum
1124 816 1241 847 fontem
1278 826 1318 847 ex
1343 820 1494 857 perpetuo

280 873 446 911 desiderio,
470 873 556 913 quod
580 872 666 902 haud
691 873 833 912 ineptum
860 875 907 903 est
931 873 962 902 in
988 882 1063 903 casu
1089 872 1260 912 Polynicis,
1286 873 1340 913 qui
1362 873 1388 903 si
1413 873 1494 903 dice-

280 933 341 961 ret:
367 930 565 970 patriam
591 929 872 959 desiderans
896 929 936 959 in
961 930 1216 970 peregrina
1241 929 1341 960 urbe
1362 939 1495 960 moror

281 996 375 1017 oum
418 986 680 1024 lacrymosa
719 986 985 1026 spectione,
1022 995 1085 1016 non
1123 986 1217 1016 nimis
1255 986 1416 1026 eleganter
1451 986 1494 1016 lo-

281 1041 461 1083 queretur’‘.

325 1099 379 1130 Vs.
416 1099 478 1129 395
510 1098 584 1129 dm?
617 1098 646 1133 ἐς
670 1098 702 1128 τὸ
727 1097 824 1136 κέρδος
849 1098 930 1137 ποεροὶ
955 1097 1047 1137 φύσιν
1070 1098 1237 1129 δουλευτέον
1261 1102 1383 1130 tutatus
1408 1102 1455 1130 est
1479 1110 1497 1130 a

283 1156 423 1186 Porsono
459 1159 489 1186 et
524 1154 718 1194 Hermanno,
754 1155 870 1195 quibus
903 1155 1066 1185 Plutarchi
1098 1159 1128 1186 et
1152 1155 1284 1186 Luciani
1309 1156 1400 1186 lectio
1424 1154 1496 1186 ὅπου

281 1212 314 1243 τὸ
347 1211 443 1250 κέρδος
475 1212 611 1252 placuit:
653 1211 756 1252 „apud
793 1211 1000 1242 Plutarchum
1026 1212 1058 1241 in
1084 1210 1244 1242 Demetrio
1269 1222 1296 1252 p.
1323 1213 1406 1242 895a
1430 1214 1496 1242 An-

281 1270 409 1309 tigonus
444 1268 508 1299 filio
545 1271 645 1299 aetate
680 1269 908 1309 provectiorem
946 1278 1078 1299 uxorem
1117 1268 1232 1299 ducere
1269 1269 1428 1299 recusanti
1464 1269 1495 1299 in

282 1335 390 1356 aurem
416 1326 536 1356 dixisse
560 1325 676 1356 fertur:
702 1323 773 1355 ὅπου
798 1324 830 1355 τὸ
854 1324 960 1363 κέρδος,
987 1324 1069 1363 ποιροὶ
1094 1324 1185 1363 φύσιν
1209 1324 1371 1362 γαμητέον,
1394 1325 1497 1366 dupli-

281 1383 357 1413 citer
393 1381 530 1420 ποιρῳδῶν
566 1391 693 1412 versum
731 1381 1019 1421 Euripideum....
1057 1380 1166 1412 Potuit
1198 1384 1314 1420 autem⁷
1347 1385 1382 1412 ut
1406 1391 1498 1422 saepe

281 1439 398 1469 factum
436 1448 505 1469 esse
541 1439 669 1477 seimus,
703 1447 817 1468 versus
849 1437 887 1468 ab
918 1447 954 1468 eo
979 1437 1052 1468 inde
1077 1441 1218 1478 tempore
1241 1447 1278 1468 ea
1301 1438 1410 1477 forma,
1436 1449 1498 1479 qua

283 1496 543 1536 pronuntiaverat
569 1496 759 1535 Antigonus,
783 1495 814 1524 in
841 1503 894 1524 ore
918 1494 1083 1524 hominum
1109 1495 1238 1532 versari,
1263 1495 1306 1525 ita
1331 1499 1365 1525 ut
1379 1498 1498 1535 postre-

284 1563 371 1583 mum
407 1556 511 1583 tamen
550 1551 741 1582 vocabulum
767 1552 925 1581 occasioni
950 1554 1101 1591 aptarent.
1126 1550 1238 1591 Itaque
1262 1561 1360 1591 quum
1387 1551 1497 1582 Lucia-

284 1619 345 1640 nus
380 1610 411 1639 in
448 1609 538 1649 Apol.
575 1618 598 1638 c.
633 1610 651 1638 3
684 1609 794 1639 citaret
814 1606 883 1638 ἕπου
908 1607 938 1638 τὸ
963 1606 1070 1645 κέρδος,
1096 1607 1178 1646 παρὰ
1203 1606 1296 1646 Φύσιν
1321 1607 1498 1643 δουλευτέον,

284 1666 517 1706 reprehendens
539 1664 739 1702 ἀγενέστατον
765 1663 909 1701 Ξοιμβεῖον,
935 1664 1097 1704 Euripidis
1123 1664 1250 1704 quidem
1278 1665 1430 1703 meminit,
1444 1665 1498 1695 sed

285 1733 396 1753 versus
420 1723 545 1752 initium
573 1721 739 1762 proverbio
764 1721 1021 1751 accommodavit.
1046 1720 1083 1751 In
1109 1730 1161 1751 ore
1187 1721 1323 1761 denique
1338 1721 1499 1761 Polynicis

285 1779 357 1810 dm?
383 1779 422 1814 εἷς
445 1778 605 1810 efficacius
629 1779 767 1809 occurrit
792 1779 900 1808 matris
926 1777 1046 1808 verbis:
1072 1777 1123 1808 xx}
1149 1779 1236 1808 τοῦτο
1262 1777 1399 1816 ).υπρο’ν”.

330 1836 383 1866 Vs.
409 1837 472 1865 433
497 1846 541 1876 sq.
567 1837 598 1865 in
625 1835 728 1866 verbis
753 1834 830 1869 θεοὺς
853 1834 1015 1871 δ’ἐπεὲμοσ’
1038 1834 1093 1874 (sc.
1119 1834 1347 1873 Polynices)c5·;
1360 1833 1500 1869 οὶκουσίως

285 1896 346 1927 τοῖς
382 1891 548 1931 φιλτάτοις
582 1894 716 1922 τοκεῦσιν
751 1891 865 1929 ipsium
900 1890 963 1929 δόρυ
987 1901 1042 1932 pro
1067 1892 1197 1921 τοκεῦσιν
1221 1891 1289 1931 (aut
1312 1893 1443 1928 γονεῦσιν
1460 1889 1499 1929 1))

285 1949 469 1980 scholiastes
504 1951 640 1980 veterem
674 1948 839 1979 lectionem
870 1947 981 1978 ἑκοῦσιν
1006 1948 1153 1987 servavit,
1178 1947 1263 1988 quod
1287 1949 1320 1978 in
1346 1947 1446 1979 Geelii
1470 1951 1500 1979 et

287 2006 475 2037 Weckleinii
510 2005 702 2036 editionibus
739 2006 770 2035 in
809 2007 899 2035 textu
936 2014 1065 2045 quoque
1097 2004 1220 2044 legitur.
1246 2003 1443 2035 Valckenaer
1466 2005 1498 2035 in

286 2066 377 2093 textu
414 2062 542 2103 quidem
579 2061 672 2092 habet
696 2063 836 2100 τοκεῦσιν,
860 2064 998 2092 attamen
1023 2062 1054 2091 in
1081 2062 1284 2091 annotatione
1307 2060 1500 2092 firmissimis

286 2120 481 2160 argumentis
517 2119 711 2150 demonstrat
745 2118 855 2148 ἑκοῦσιν
886 2118 1023 2159 (mavult
1047 2117 1200 2155 γ’ἑκοῦσιν)
1225 2117 1395 2158 legendum
1421 2127 1499 2149 esse.

321 2255 347 2285 1)
366 2255 429 2279 Vide
461 2255 691 2285 valckeuaerium,
725 2255 917 2283 Hermannum,
949 2254 1090 2285 Klotzium⁷
1116 2254 1249 2284 Geelium;
1277 2253 1414 2279 Wecklein
1442 2261 1499 2278 eam

288 2295 427 2319 lectionem
447 2295 568 2326 neglexit.
