1673 2768
886 308 927 337 28

297 400 436 431 Socratis
469 401 618 431 memoria
651 399 837 430 recolenda''
856 397 886 436 1).
919 398 1182 439 Interpolatorem
1214 401 1287 429 ante
1320 398 1429 428 oculos
1462 398 1514 428 ha—

299 456 406 487 buisse
441 457 654 487 clarissimum
691 456 794 486 locum
831 464 848 486 e
886 454 1064 485 Phaedonis
1097 455 1198 494 initio,
1232 454 1287 485 sed
1311 453 1514 484 Phaedonem

299 513 341 543 ibi
378 512 551 552 Echecrati,
588 513 704 553 hospiti
740 512 891 551 Phliasio,
920 511 1073 542 sollemne
1097 510 1212 541 festum
1238 520 1273 541 ac
1298 511 1399 551 legem
1424 510 1516 541 facile

298 570 465 610 ignoranti,
497 569 536 600 de
567 578 675 599 annuo
700 569 754 599 illo
779 568 947 608 legationis
972 568 1099 608 negotio
1125 568 1329 608 exposuisse:
1355 576 1515 607 nusquam

301 635 373 656 vero
413 626 493 665 „alia
528 626 669 657 eiusdem
707 625 889 665 diligentiae
925 624 1099 664 specimina
1130 633 1147 655 e
1178 623 1402 664 Xenophontis
1427 623 1516 654 libris

299 682 411 722 prom(i
447 681 571 722 posse)'’
588 679 620 718 2).
653 680 775 712 Deinde
801 681 845 711 sic
879 680 996 720 pergit:
1027 689 1082 719 „ac
1107 680 1133 710 si
1159 679 1207 710 vel
1234 680 1373 710 maxime
1397 679 1517 719 cedam,

298 738 383 778 quod
419 738 529 769 cedere
565 747 697 778 nequeo,
732 737 906 778 expedi(as)
943 737 1035 768 haec:
1072 735 1191 774 impsum
1232 736 1286 773 μὲν
1317 736 1374 775 γὰρ
1399 735 1515 773 ἐγένετο

298 794 378 832 acore}
411 793 492 831 μετὰ
524 793 576 829 τὴν
601 794 697 832 [zplw
730 792 889 832 τριάκοντκ
921 792 1032 832 ἡμέροις
1065 792 1178 830 fixam,
1204 792 1252 823 διαὶ
1278 792 1310 823 τὸ
1337 793 1436 828 Δήλιοι
1462 792 1516 829 μὲν

299 850 404 881 ἐκείνου
436 853 485 881 τοῦ
521 851 609 888 μηνὸς
642 848 724 880 sium.
750 850 852 881 Nemo
877 850 1031 881 Veterum
1057 853 1179 881 certum
1204 850 1358 880 indicavit
1381 852 1516 890 tempus,

300 918 364 948 quo
394 917 531 938 annuam
566 917 713 948 pompam
740 906 861 938 absolvi
888 916 955 937 mos
980 906 1092 937 fuerit:
1119 916 1155 937 ac
1178 916 1218 938 ne
1242 909 1363 947 poterat
1388 906 1515 947 quidem

299 973 453 995 numerus
481 964 603 995 dierum
638 963 772 1002 definiri,
798 963 1058 1004 quandoquidem
1084 963 1133 994 vel
1158 963 1309 994 secundis
1333 963 1436 994 ventis
1461 972 1516 993 ex-

299 1020 484 1061 pediebatur
510 1021 681 1061 navigatio,
705 1020 754 1051 vel
779 1021 946 1051 contrariis
967 1021 1027 1051 iter
1047 1019 1284 1057 retardabatur3
1308 1019 1515 1060 quamobrem

300 1077 384 1117 apud
417 1077 592 1116 Platonem,
625 1086 651 1107 c.
678 1078 704 1116 1,
736 1076 880 1107 Phaedo:
910 1078 1015 1115 „roffio
1040 1076 1064 1106 δ’
1091 1075 1191 1110 ἐνίοτε,
1217 1076 1332 1116 inquit,
1357 1075 1384 1105 ἐν
1411 1076 1515 1113 πολλῷ

301 1136 390 1171 χρόνῳ
426 1132 573 1170 γίγνετόιι,
606 1131 676 1164 ὅταν
707 1132 840 1171 τύχωσιν
871 1131 973 1170 ἄνεμοι
1006 1132 1218 1170 ἀπολαβόντες
1249 1131 1389 1167 οιύτούς”.
1414 1150 1454 1154 -
1481 1141 1517 1162 ac

300 1190 429 1221 deinde:
470 1189 539 1229 »διὰ
574 1191 675 1220 τόιῦτκ
707 1189 758 1220 και)
793 1189 888 1225 πολὺς
921 1189 1021 1228 χρόνος
1045 1189 1159 1226 ἐγένετο
1184 1189 1224 1227 τῷ
1248 1187 1397 1227 Σωκράτει
1423 1188 1450 1219 ἐν
1474 1188 1515 1227 τῷ

299 1246 486 1285 δεσμωτηρίῳ
518 1246 530 1276 ὁ
563 1244 683 1283 μεταξὺ
717 1249 770 1281 τῆς
803 1246 885 1282 δίκης
909 1258 942 1277 τε
967 1245 1017 1277 καὶ
1044 1248 1095 1277 τοῦ
1121 1244 1275 1276 θανών-σθ’.
1302 1244 1385 1282 Quid
1409 1248 1515 1276 autem

298 1303 352 1334 ille
377 1306 566 1344 personatus
590 1302 796 1344 Xenophon?
821 1303 960 1334 Obibant
984 1302 1074 1334 Delia
1095 1312 1203 1334 mense
1224 1302 1440 1343 Thargelione,
1461 1303 1517 1342 qui

299 1360 383 1400 apud
416 1360 628 1391 Athenienses
661 1363 726 1391 erat
750 1361 879 1400 triginta
904 1360 1044 1391 dierum:
1071 1360 1171 1400 igitur
1206 1359 1414 1399 triginta
1449 1358 1516 1390 dies

299 1417 413 1457 posuit,
449 1417 524 1457 quia
561 1426 701 1448 mensem
739 1417 874 1456 dixerat,
907 1417 954 1448 vel
980 1419 1082 1447 toturn
1107 1415 1254 1447 credebat
1273 1415 1515 1456 Thargelionem

298 1483 338 1504 ex
363 1474 431 1514 lege
456 1483 583 1504 sacrum
607 1483 685 1504 esse.
709 1473 747 1504 In
772 1483 910 1505 errorem
935 1473 1069 1504 fortasse
1094 1473 1224 1504 induxit
1245 1473 1368 1503 Auctor
1391 1471 1516 1512 Epis-

299 1530 425 1561 tolae
459 1530 498 1560 ad
530 1529 676 1571 Xenoph.
709 1530 799 1570 XIV,
831 1540 857 1571 p.
884 1530 935 1561 36.
967 1529 1038 1561 Alb.
1063 1527 1130 1560 εἶτα
1155 1529 1189 1565 δὴ
1214 1528 1361 1560 ἐτελεύτα
1388 1527 1515 1563 ποιήσοις

300 1585 410 1625 ἡμέραις
446 1585 610 1625 τριάκοντα,
648 1587 708 1618 nisi
746 1590 882 1627 utraque
914 1597 954 1618 ex
986 1587 1095 1618 eodem
1128 1586 1213 1617 fonte
1238 1585 1407 1617 fluxerint:
1434 1595 1516 1626 quae

299 1646 428 1674 secutus
453 1646 500 1674 est
523 1643 643 1674 Seneca
668 1643 766 1684 Epist.
789 1643 851 1674 70“
866 1642 898 1680 3).

342 1700 441 1731 Totus
472 1700 562 1731 locus
587 1700 818 1731 exscribendus
843 1703 924 1731 erat:
955 1701 1074 1731 arctius
1099 1699 1282 1730 contrahere
1306 1700 1391 1730 enim
1416 1701 1462 1730 tot
1486 1702 1516 1730 et

300 1760 362 1787 tam
388 1757 493 1788 lucida
516 1757 707 1788 documenta
732 1766 864 1798 nequeo.

345 1814 417 1844 Alia
447 1817 634 1855 argumenta
665 1814 798 1853 interna,
830 1824 912 1854 quae
940 1814 1101 1853 dicuntur,
1125 1824 1143 1844 a
1168 1813 1276 1844 Geelio
1300 1812 1403 1851 allata,
1427 1822 1514 1843 nunc

301 1872 421 1900 omitto.

344 1926 417 1967 Pag.
440 1928 479 1956 22
505 1927 781 1957 commentationis
805 1926 867 1956 duo
889 1929 1085 1967 argumenta,
1107 1935 1188 1966 quae
1210 1925 1360 1956 dicuntur
1374 1927 1515 1964 externa,

300 1983 403 2014 affert:
430 1983 572 2014 Galenus
586 1982 609 2020 4)
634 1982 882 2014 Oeconomicum
907 1992 963 2023 pro
984 1982 1240 2013 Memorabilium
1262 1984 1420 2022 postremo
1434 1980 1514 2011 libro

301 2039 427 2078 habuit3
465 2041 490 2071 si
526 2043 632 2070 autem
664 2043 758 2081 caput
792 2042 939 2070 octavum
973 2039 1077 2080 quarti
1101 2038 1173 2069 libri
1198 2039 1231 2069 in
1256 2048 1315 2069 suo
1340 2037 1514 2078 exemplari

301 2096 436 2136 legisset,
460 2097 568 2137 inepta
590 2096 703 2127 fuisset
728 2095 931 2127 Oeconomici
955 2095 1126 2126 adiunctio.

332 2212 358 2242 1)
377 2213 411 2237 1.Ι.
431 2221 455 2243 p.
472 2212 512 2237 21.

331 2251 357 2281 2)
377 2252 411 2276 l.l.
431 2260 454 2282 p.
472 2252 512 2276 2⁶2.

331 2291 357 2321 3)
376 2291 411 2315 l.l.
431 2300 454 2322 p.
472 2291 512 2316 2⁸2.

331 2331 357 2359 4)
378 2334 434 2359 Περὶ
451 2331 538 2359 ἄρθρων,
557 2331 628 2355 Tom.
648 2332 739 2362 XVllI,
758 2339 781 2362 p.
800 2331 857 2361 301,
879 2332 966 2356 Kuhn.
