1673 2768
685 315 723 344 21

95 412 214 451 partem
240 410 306 450 ipse
330 408 530 439 comminisci
556 417 684 439 necesse
708 406 828 438 habeat¹
856 405 960 443 Quare
986 416 1043 437 nos
1068 417 1086 437 a
1106 409 1192 437 tanta
1212 407 1311 437 conii-

95 466 199 498 ciendi
223 466 399 497 temeritate
423 463 694 505 temperabimus''
712 462 742 501 ¹).

140 522 216 553 Post
252 521 346 552 Obori
367 520 390 560 2)
426 521 580 562 parodum
615 521 763 551 introisse
795 522 885 560 putat
920 519 1111 550 Graecorum
1144 519 1315 559 principes,

96 580 382 620 Agamemnonem,
412 578 580 617 Achillem,
604 577 795 616 Menelaum,
819 575 958 616 Ulixem,
984 575 1101 616 quibus
1127 575 1165 606 de
1189 585 1315 606 summa

94 645 136 676 re,
171 635 209 666 de
241 635 356 676 prioris
392 634 604 675 expeditionis
641 633 780 664 infausto
817 633 915 672 exitu,
951 632 989 663 de
1023 631 1195 672 repetendo
1232 631 1313 662 bello

95 691 346 723 deliberantibus
371 690 418 730 (cf.
443 690 555 730 Dictys
581 690 662 721 Cret.
687 689 719 720 II
743 699 768 720 c.
795 690 823 728 9)
845 688 950 720 subito
972 688 1139 719 advenisse
1153 688 1314 727 nuntium,

95 749 150 789 qui
190 748 394 789 peregrinum
430 747 589 778 hominem
617 747 727 778 adesse
752 748 909 783 narraret3
935 748 1003 776 tum
1029 745 1204 776 admissum
1227 743 1314 775 Tele-

94 805 192 846 phum
216 804 288 835 ficto
313 813 459 835 sermone
484 813 578 835 usum
604 806 733 834 auctore
754 803 882 833 oraculo
896 802 1056 843 petivisse,
1072 804 1107 832 ut
1118 801 1314 832 fortissimus

94 861 286 892 Graecorum
324 860 446 891 vulneri
481 863 540 891 suo
572 859 743 891 insanabili
777 859 955 890 mederetur
969 857 1001 896 ³).
1027 857 1087 889 Cui
1112 858 1315 888 coniecturae

95 920 129 948 ut
160 917 254 948 fidem
285 917 389 956 faciat,
413 916 502 948 affert
527 916 703 957 fragmenta
727 926 767 946 ex
792 915 1017 956 Aristophanis
1042 913 1318 953 Acharnensibus,

94 973 191 1004 Ennii
225 973 342 1014 fabula,
373 973 557 1004 Aristotelis
586 972 676 1003 Rhet.
702 973 721 1003 l.
746 971 804 1011 ΙΙΙ,
828 982 852 1002 c.
878 973 906 1002 2.
932 970 1020 1008 Quae
1045 971 1159 1002 deinde
1183 971 1216 1000 in
1241 980 1315 1001 con-

97 1031 183 1061 tione
207 1030 380 1061 acciderint
404 1039 438 1060 se
462 1039 526 1060 non
551 1030 613 1059 iam
639 1038 731 1069 posse
756 1027 887 1059 definire
907 1027 1032 1059 fatetur.
1055 1026 1194 1066 „Ceteris
1208 1029 1313 1057 autem

97 1085 255 1128 egressis’'
281 1105 319 1108 —
345 1087 389 1117 ita
413 1095 526 1117 rursus
551 1085 626 1116 Geel
652 1103 691 1107 ——
721 1093 871 1125 „unoque
894 1084 1030 1125 Telepho
1050 1084 1083 1114 in
1098 1093 1193 1115 scena
1205 1083 1314 1114 relicto

94 1146 124 1174 et
161 1145 295 1173 canente
328 1141 441 1181 Choro,
471 1142 598 1172 interim
632 1140 743 1171 Graeci
768 1140 839 1171 dolo
865 1149 899 1171 se
923 1140 1157 1170 circumventos
1181 1139 1314 1170 odoran-

95 1202 228 1230 tur....
261 1198 330 1236 Quo
360 1198 468 1229 audito
493 1197 746 1236 Clytaemnestra
770 1198 802 1227 in
828 1206 956 1227 scenam
981 1195 1093 1237 prodit,
1118 1195 1196 1236 quid
1219 1205 1313 1236 agen-

98 1256 174 1287 dum
199 1256 239 1287 sit
264 1265 337 1286 cum
363 1254 499 1296 Telepho
525 1252 756 1285 deliberatura‘'
772 1253 806 1293 ³).

140 1311 232 1349 Quod
257 1313 368 1343 attinet
392 1312 431 1343 ad
458 1310 649 1349 περιπετείαις
674 1309 725 1340 καὶ
750 1308 958 1348 οὶνκγνωρίσεις
983 1309 1153 1350 prudentia
1173 1309 1313 1339 maxima

96 1370 128 1399 in
165 1368 372 1399 coniectando
410 1377 489 1408 opus
525 1376 595 1398 esse
630 1369 728 1407 putat,
761 1376 843 1406 nam,
877 1367 924 1405 „si
948 1366 1015 1397 sola
1037 1365 1163 1406 Telephi
1188 1365 1310 1396 sanatio

93 1425 255 1466 agebatur,
279 1425 330 1455 hic
354 1425 415 1456 fuit
440 1424 544 1455 nodus
568 1424 719 1455 actionis:
753 1433 772 1464 q
787 1423 943 1454 uaerit
966 1422 1136 1463 Teleph
1151 1431 1200 1452 us
1225 1431 1244 1451 v
1259 1421 1305 1452 ul-

95 1483 227 1513 neris
272 1481 572 1512 medicinam:
613 1480 917 1520 agnoscitur:
955 1479 1061 1509 hinc
1097 1477 1311 1509 difficul-

94 1541 240 1570 tates:
277 1538 477 1578 capitis,
512 1538 550 1568 si
582 1537 673 1576 vis,
705 1536 994 1577 periculum:
1028 1534 1311 1566 reconcilia-

94 1595 181 1625 tio:
225 1594 403 1625 vulnus
447 1593 497 1624 ab
540 1592 732 1623 Achille
769 1594 974 1623 sanatur.
1011 1590 1104 1622 Exile
1140 1590 1311 1621 admodum

93 1651 337 1692 argumentum!
373 1651 406 1680 in
440 1650 524 1690 quod
558 1652 593 1680 ut
617 1658 728 1680 omnes
753 1648 970 1689 philosophiae
995 1648 1123 1678 moralis
1147 1647 1312 1678 thesauros

95 1708 258 1739 effudisset
290 1707 470 1748 Euripides,
500 1716 564 1737 non
589 1708 840 1737 consecuturum
864 1705 964 1736 fuisse
988 1708 1075 1746 puto,
1098 1707 1133 1735 ut
1157 1706 1312 1745 spectato-

95 1774 167 1795 rum
192 1765 316 1794 animos
342 1764 461 1804 tragica
486 1763 648 1803 voluptate
672 1760 877 1800 afficeret”⁵).

140 1820 246 1852 Nixus
274 1823 380 1851 autem
405 1822 435 1851 et
460 1820 509 1859 iis,
534 1828 615 1860 quae
639 1818 751 1858 Dictys
776 1817 936 1849 Cretensis
961 1817 1014 1857 (II,
1040 1817 1069 1855 7)
1094 1817 1132 1848 de
1157 1817 1314 1848 discordia

96 1877 346 1919 Agamemnonis
381 1880 412 1907 et
448 1876 583 1907 Menelai
619 1878 735 1915 narrat,
767 1878 797 1906 et
827 1875 898 1905 aliis
930 1874 1115 1914 fragmentis
1147 1874 1312 1904 nonnullis

96 1934 170 1965 Geel
204 1933 315 1975 probat
346 1933 504 1974 duplicem
537 1932 637 1963 fuisse
661 1932 817 1962 actionem
842 1931 969 1962 fabulae
994 1933 1171 1971 postremae
1196 1931 1310 1971 partis:

96 1994 159 2022 tam
196 1993 300 2021 actum
333 1999 402 2020 esse
435 1989 473 2020 de
496 1988 624 2029 Telephi
650 1988 815 2019 sanatione
841 1997 934 2028 quam
961 1987 999 2018 de
1024 1986 1194 2027 repetendo
1221 1986 1314 2017 bello.

130 2143 156 2174 1)
179 2144 206 2168 Ρ.
225 2143 264 2167 14.

129 2183 156 2211 9.)
175 2184 210 2215 „13
228 2183 389 2214 quibusnam
409 2182 562 2206 hominibus
582 2181 684 2206 Chorus
702 2180 860 2209 constiterit,
879 2180 938 2203 aliis
957 2179 1144 2209 quaerundum
1164 2178 1311 2208 relinquo'l

97 2224 181 2254 (Geel,
199 2231 222 2254 p.
240 2222 294 2253 30).

129 2262 157 2294 3)
175 2262 213 2287 Cf.
232 2270 256 2293 p.
275 2262 315 2287 14.

130 2302 156 2329 4)
177 2302 203 2325 P.
223 2301 264 2326 16.

132 2341 160 2373 5)
181 2341 207 2365 P.
226 2340 266 2365 19.
