1673 2768
700 308 742 339 43

159 402 195 431 In
223 401 421 432 praefatione
448 403 486 431 12
512 403 708 442 paginarum,
733 412 827 443 quam
854 401 929 432 Geel
952 401 1049 432 Scuto
1070 401 1219 432 Herculis
1240 411 1326 441 prae-

116 459 210 496 misit,
244 458 282 488 de
313 457 464 498 Lennepii
498 458 641 488 doctrina
665 461 760 499 atque
784 458 949 498 elegantia,
973 458 1108 498 eiusque
1132 457 1274 487 discendi
1299 460 1329 487 et

114 514 248 544 docendi
283 515 415 554 ratione,
447 514 572 553 studiis,
604 514 763 555 operibus,
787 514 953 555 discipulis
978 515 1050 554 agit.
1076 513 1199 544 Deinde
1224 517 1330 543 narrat

114 570 250 601 eundem
276 571 308 600 in
337 569 532 611 „Collegium
558 570 705 602 Statuum
731 571 980 601 Provincialium
1005 569 1329 600 Hollandiae’'adlec-

113 630 181 657 tum
219 637 282 657 non
318 626 511 658 abstinuisse
546 638 563 658 a
599 627 698 659 literis
736 627 906 666 veteribus,
942 627 996 658 sed
1029 626 1200 657 consilium
1233 636 1327 656 suum

115 682 274 713 Hesiodea
297 683 410 713 edendi
435 684 674 724 redintegrasse.
702 683 816 723 „Nunc
841 683 936 714 vero”
964 701 1002 705 ——
1029 684 1072 713 ita
1093 682 1168 713 Geel
1192 701 1229 704 —
1249 681 1330 721 „He-

116 739 195 770 siodi
222 740 372 770 memoria
397 740 580 779 instaurata,
605 750 771 780 quumque
794 749 850 780 per
874 740 960 770 illam
987 739 1171 769 diuturnam
1190 737 1211 776 1)
1235 739 1330 769 inter-

116 796 298 826 missionem
335 796 436 826 aliena
468 797 568 827 multa
591 797 798 835 tractavisset,
822 805 941 836 eosque
966 805 1052 826 nunc
1076 795 1172 825 libros
1197 795 1329 825 circum-

114 852 248 892 spiceret
280 862 315 882 ac
346 852 473 892 legeret,
505 853 559 892 qui
584 853 765 893 prodierant
790 852 827 883 de
851 852 982 883 Hesiodi
1007 852 1184 882 carminum
1210 851 1331 891 origine

117 911 148 939 et
171 908 360 948 integritate,
384 907 559 938 iactabatur
582 909 615 938 in
639 908 791 939 fluctibus
812 908 1142 948 ingeniosissimarum
1163 906 1330 937 divinatio-

116 974 203 1003 num,
227 967 455 1004 protervaeque
480 964 646 994 cuiusdam
675 964 813 994 novandi
838 963 1006 1001 audaciae,
1030 964 1063 993 in
1090 963 1208 1003 quibus
1232 963 1325 993 inter-

117 1021 221 1051 iturus
253 1024 320 1051 erat
352 1030 455 1051 novus
487 1020 638 1061 Lennepii
670 1021 772 1058 ardor,
805 1021 866 1051 nisi
890 1020 1093 1051 subvenisset
1116 1020 1190 1050 huic
1215 1019 1331 1050 sollici-

118 1077 222 1107 tudini
257 1078 324 1117 ipsa
359 1077 469 1108 senilis
500 1077 661 1107 iudicandi
686 1077 808 1108 lenitas.
833 1076 1049 1107 Persuadebat
1072 1077 1156 1107 enim
1182 1075 1242 1106 sibi
1267 1085 1329 1105 non

116 1133 193 1164 adeo
219 1143 365 1174 magnam
392 1134 455 1164 vim
481 1143 550 1164 esse
573 1137 844 1176 argumentorum,
870 1143 952 1174 quae
972 1132 1087 1163 abillis
1101 1136 1330 1173 promerentur,

116 1191 194 1230 quin
215 1190 335 1231 aliquid
360 1191 474 1231 opponi
500 1194 605 1231 posset
628 1190 667 1221 ad
693 1190 914 1220 vindicandam
939 1189 1172 1220 Hesiodeorum
1196 1188 1329 1219 formam

115 1246 269 1277 diuturna
303 1247 472 1278 traditione
507 1247 675 1287 cognitam.
711 1247 795 1277 Hinc
827 1247 945 1277 factum
977 1249 1024 1277 est
1055 1248 1090 1276 ut
1114 1255 1183 1276 raro
1209 1245 1329 1286 aliquid

115 1303 177 1334 illis
213 1305 420 1342 concesserit,
457 1304 511 1334 sed
536 1304 663 1335 eosdem
689 1305 721 1334 in
745 1303 905 1344 frequenti
930 1303 1128 1334 dissensione
1153 1311 1328 1342 numquam

114 1362 169 1390 aut
203 1360 318 1391 tacitus
355 1361 574 1400 praetermisit,
609 1364 663 1391 aut
687 1362 720 1391 in
745 1360 947 1401 obloquendo
971 1359 1216 1400 reprehensione
1240 1359 1329 1389 casti-

113 1416 216 1456 gavit:
252 1416 501 1457 amplectebatur
535 1418 619 1447 enim
652 1418 683 1447 in
709 1416 823 1448 Literis
847 1417 1035 1448 sententiam
1060 1415 1164 1453 Tullii,
1191 1417 1330 1445 vetusta-

112 1475 175 1503 tem
201 1482 259 1503 suo
284 1473 352 1503 loco
377 1473 627 1504 conservandam
652 1483 730 1511 esse,
756 1474 1008 1514 opinionumque
1033 1475 1211 1503 commenta
1225 1472 1328 1502 delere

112 1528 216 1559 diem'’
232 1527 264 1567 2).

114 1700 218 1724 Hesiodi
237 1701 457 1731 interpretatione
477 1701 588 1732 Belgica.
608 1702 753 1725 Hamakera
773 1702 855 1726 Geelii
875 1702 1066 1732 praefationem
1078 1708 1128 1724 non
1142 1701 1229 1724 minus
1240 1701 1327 1724 omisit

114 1747 194 1771 quam
221 1740 312 1764 literas
339 1741 396 1764 eius
423 1741 455 1764 de
483 1741 619 1764 nonnullis
640 1741 744 1765 Hesiodi
764 1741 883 1765 versibus
901 1748 923 1765 a.
944 1740 1007 1764 1843
1025 1748 1039 1764 a
1058 1741 1218 1771 Goettlingio
1236 1740 1329 1764 editas.

147 1780 173 1810 1)
192 1780 222 1803 A.
240 1778 305 1803 1823
324 1780 379 1803 Van
400 1780 507 1811 Lennep
527 1782 605 1809 Ἐργκ
624 1781 664 1803 xxi
682 1781 785 1809 Ἡμέρας
804 1780 906 1812 Belgice
927 1783 1051 1805 verterat.

149 1818 176 1849 ⁴2)
195 1819 229 1843 1.1.
248 1827 272 1849 p.
290 1819 351 1847 XIX
368 1827 406 1850 sq.

147 1858 226 1889 Idem,
253 1859 297 1882 sed
325 1859 375 1883 alio
404 1859 487 1888 modo,
512 1859 573 1883 Geel
602 1859 780 1883 Bakhuizenio
797 1859 903 1890 scripsit
923 1860 966 1890 (cs.
986 1859 1227 1891 „Brieswisseling”
1248 1867 1271 1890 p.
1289 1859 1330 1891 40,

113 1897 169 1928 41):
191 1897 257 1929 „net
276 1898 481 1922 conservatisine
502 1906 550 1922 van
569 1899 619 1922 den
639 1899 901 1930 achtenswaardigen
922 1899 1042 1930 uitgever
1060 1899 1217 1929 zitzoodiep
1228 1906 1328 1930 gewor-

113 1937 175 1966 teld,
198 1937 306 1961 dnh...
330 1938 367 1969 Bij
386 1938 418 1961 de
438 1938 535 1962 heeren
557 1945 605 1962 van
624 1938 683 1962 zulk
704 1946 769 1961 eene
787 1938 1023 1969 geestgesteldlieid
1044 1938 1114 1961 heeft
1133 1938 1165 1961 de
1184 1938 1328 1969 „simplici-

113 1976 169 2000 tas”
188 1984 253 2001 eene
268 1978 487 2009 onbegrijpelijke
506 1977 679 2001 rekbaarheid
698 1986 731 2001 en
749 1978 962 2007 bruikbaarheid,
981 1985 1021 2001 orn
1040 1978 1328 2009 zelfsliet01ige1‘ijiiide

113 2018 139 2039 te
160 2017 362 2048 vergoelijken'k

146 2055 228 2083 Quale
254 2056 336 2080 funus
362 2056 441 2080 Scuto
467 2056 587 2080 Herculis
606 2057 661 2086 ipse
681 2056 743 2080 Geel
763 2056 831 2086 feeit,
850 2057 901 2080 tale
919 2057 1082 2087 Theogoniae
1101 2064 1207 2087 quoque
1226 2056 1328 2080 Lenne-

115 2094 205 2125 pianae
232 2095 263 2119 ab
291 2095 409 2119 Heekero
437 2095 538 2126 petivit.
565 2096 592 2119 D.
620 2097 635 2118 8
655 2103 688 2120 in.
707 2096 782 2119 Mart.
801 2103 822 2119 a.
841 2095 905 2119 1844
926 2096 1033 2119 Brinkio
1051 2103 1098 2119 suo
1117 2096 1187 2119 euim
1207 2096 1327 2126 scripsit:

115 2134 223 2165 „(Ve2h)
250 2135 320 2158 heeft
341 2135 384 2166 rnij
404 2135 436 2158 de
455 2136 572 2158 recensie
593 2142 641 2158 van
662 2143 683 2159 v.
705 2135 752 2159 L.'s
772 2135 900 2158 Hesiodus
919 2135 1093 2165 opgedragen.
1113 2135 1140 2158 lk
1162 2135 1212 2158 kan
1231 2143 1267 2166 ze⁷
1285 2143 1326 2159 orn

115 2174 171 2197 vele
200 2174 315 2198 redenen
343 2174 397 2198 niet
424 2174 534 2198 maken:
561 2188 592 2191 —
619 2174 653 2205 gij
673 2174 739 2197 kunt
759 2174 819 2197 deze
839 2175 889 2198 alle
907 2175 1004 2205 gissen,
1022 2182 1053 2204 op
1073 2175 1137 2198 eene
1156 2182 1201 2198 na:
1221 2175 1327 2198 daarorn

115 2213 165 2236 heb
193 2213 219 2236 ik
245 2214 277 2237 de
301 2214 363 2237 zaak
390 2221 439 2237 aan
468 2214 571 2237 Hecker
589 2214 792 2244 geendosseerd:
811 2221 843 2244 op
863 2215 1029 2237 voorwaarde
1049 2222 1097 2237 van
1125 2214 1326 2244 gematigd-

116 2252 199 2275 lieid
226 2259 259 2276 en
287 2253 449 2276 beleesdheid
478 2261 510 2276 en
539 2254 695 2283 pati-icisehe
722 2253 934 2284 fatsoenlijkheid
954 2253 981 2276 in
1000 2253 1031 2276 de
1050 2253 1237 2283 tegenspraak:
1259 2256 1328 2277 want

117 2299 165 2315 van
193 2292 387 2322 tegenspreken
405 2292 442 2315 zal
462 2300 511 2323 nog
530 2294 554 2316 al
573 2295 623 2316 wat
644 2295 668 2316 te
686 2293 752 2316 doen
773 2292 883 2316 vallen'¹.
901 2293 981 2322 (Haec
1000 2292 1113 2322 epistula
1131 2296 1282 2316 asservatur
1301 2293 1326 2316 in

116 2331 276 2355 Bibliotheca
295 2331 553 2362 Amstelodamensi).
