1673 2768
866 278 926 308 120

289 374 374 415 quod
397 374 555 414 inspicere
582 382 645 402 non
671 372 770 412 potui,
794 370 918 409 Kayser
941 369 1040 400 Geelii
1065 379 1145 409 opus
1170 368 1323 400 vocabulo
1341 369 1501 407 „meister-

290 429 375 461 haft''
393 428 421 471 ¹)
447 439 511 460 non
535 429 705 469 indignum
730 427 895 458 iudicavit.

332 485 456 517 Deinde
490 487 527 516 A.
564 484 734 515 Witzschel
766 485 799 514 in
832 483 940 521 diario,
964 481 1048 522 quod
1072 482 1258 512 inscribitur
1285 481 1504 521 „Jahrbiicher

287 543 306 573 f.
343 540 549 583 Philologie’'‚
584 551 610 571 a.
651 541 733 570 1849
749 539 769 577 ²)
803 539 956 570 iudicium
995 538 1080 569 dedit
1112 538 1150 568 de
1174 537 1282 568 Cobeti
1307 538 1444 577 scholiis,
1469 538 1502 567 in

289 600 381 630 cuius
417 600 507 629 initio
544 598 696 638 legimus:
726 595 850 635 „Geel's
876 594 1027 635 Ausgabe
1051 594 1106 624 der
1129 593 1308 624 Phonissen
1334 594 1397 632 (ist)
1421 594 1502 625 ohne

289 654 415 685 Zweifel
451 655 501 685 die
536 654 713 693 wichtigste
750 652 814 682 und
849 650 1076 682 bedeutendste
1108 649 1330 691 Erscheinung
1354 650 1410 681 auf
1432 651 1500 681 dem

290 711 419 742 Gebiete
443 711 498 741 der
522 709 773 750 euripideischen
800 707 969 738 Litteratur
993 707 1026 737 in
1050 707 1105 737 der
1129 710 1282 737 neuesten
1307 706 1403 737 Zeit’'.

334 768 366 798 L.
387 767 519 798 Mueller
533 766 553 805 ³)
578 766 769 796 Phoenissas
794 764 893 795 Geelii
917 764 994 795 adeo
1019 763 1169 803 laudavit,
1193 767 1229 793 ut
1254 762 1413 804 Olympici
1437 773 1502 794 om-

290 826 365 854 nino
389 825 417 854 ei
442 825 475 854 in
501 827 637 853 mentem
665 823 791 852 venisse
816 831 879 851 non
906 820 1058 851 videatur.
1072 819 1139 859 Est,
1152 823 1187 850 ut
1200 821 1243 850 ita
1257 819 1369 859 dicam,
1383 820 1503 850 nimius

289 882 396 919 honor,
420 881 475 920 qui
499 876 585 910 error
609 879 678 909 siue
702 877 799 908 dubio
824 877 969 908 Muelleri
993 876 1188 907 festinationi
1213 876 1435 907 attribuendus
1448 879 1503 907 est.

332 936 399 968 Nec
434 946 496 967 non
523 936 673 966 memoria
698 935 793 975 digna
819 937 893 964 sunt
919 943 999 974 quae
1024 932 1168 964 Meineke
1193 932 1301 964 Geelio
1325 933 1450 973 scripsit
1464 937 1501 971 ⁴):

292 993 384 1032 „Ihre
419 992 633 1032 Bearbeitung
668 991 723 1022 der
758 990 936 1021 Phonissen
973 990 1025 1020 hat
1061 991 1121 1020 mir
1145 989 1297 1020 vielfache
1321 989 1504 1030 Belehrung

288 1049 508 1089 gewithrt....
541 1048 613 1079 Ihre
637 1047 869 1087 Ehrerrettung
893 1046 1109 1077 Valckenaers
1133 1047 1174 1076 ist
1198 1047 1260 1076 mir
1284 1047 1344 1077 wie
1367 1055 1424 1076 aus
1449 1046 1504 1076 der

292 1105 381 1137 Seele
404 1104 640 1146 geschrieben''.

333 1217 404 1256 §3
439 1216 506 1247 Iam
542 1217 783 1256 investigemus,
818 1225 881 1255 quo
918 1224 1021 1256 usque
1058 1214 1132 1246 Geel
1168 1218 1360 1245 consecutus
1396 1215 1437 1245 sit
1463 1215 1504 1254 id,

290 1274 373 1314 quod
399 1273 563 1314 cupiebat:
589 1276 618 1303 et
642 1271 907 1302 Valckeuaerium
932 1271 1100 1302 defendere
1124 1274 1154 1302 et
1174 1271 1421 1302 Phoenissarum
1435 1274 1503 1301 tex-

289 1334 357 1361 tum
383 1331 478 1361 tutari
502 1333 598 1370 atque
623 1329 800 1359 emendare.

334 1386 407 1417 Non
444 1386 631 1417 habebimus
666 1389 782 1424 autem,
819 1384 873 1416 ubi
908 1385 1130 1423 consistamus,
1165 1384 1227 1415 nisi
1251 1387 1324 1415 aute
1347 1384 1502 1415 iudicium

289 1444 357 1474 eius
382 1443 420 1474 de
444 1443 598 1473 librorum
624 1443 774 1473 memoria
797 1444 827 1472 et
852 1441 889 1472 de
917 1442 1025 1472 metris
1050 1441 1303 1481 cognoverimus.

334 1500 438 1531 Facile
473 1499 670 1540 intellegitur
705 1508 761 1530 sex
797 1498 890 1528 annis
925 1501 995 1539 post
1030 1498 1149 1528 editum
1176 1497 1378 1538 Olympicum
1404 1497 1504 1528 Geelii

290 1558 471 1598 opinionem
510 1557 548 1587 de
580 1556 745 1587 codicibus
778 1559 808 1586 et
833 1555 871 1586 de
894 1558 985 1585 textu
1010 1554 1232 1585 constituendo
1257 1564 1320 1584 non
1342 1564 1411 1585 esse
1435 1564 1503 1584 mu-

289 1618 395 1651 tatam,
438 1613 523 1654 quod
559 1616 674 1648 tamen,
710 1622 905 1653 quamquam
942 1612 1061 1652 paucis,
1096 1612 1199 1652 ipsius
1235 1610 1339 1642 verbis
1374 1611 1502 1642 demon-

289 1670 456 1701 strandum
492 1669 627 1700 videtur.
652 1668 700 1700 De
723 1669 868 1699 codicum
893 1669 990 1698 variis
1013 1667 1202 1699 lectionibus
1227 1667 1302 1699 Geel
1327 1668 1403 1698 haec
1428 1668 1502 1698 scri-

290 1727 335 1757 bit
350 1727 386 1764 5);
416 1725 602 1765 „Caeterum
627 1729 767 1766 poteram
792 1734 908 1765 augere
934 1725 1047 1755 molem
1069 1724 1141 1755 libri
1163 1724 1353 1755 lectionibus
1367 1728 1504 1765 quatuor

289 1783 514 1814 codicum....
551 1782 754 1813 Praetermisi
791 1791 873 1820 vero,
906 1781 991 1821 quod
1023 1790 1133 1811 omnes
1166 1782 1371 1812 vitiosissime
1396 1782 1504 1823 scripti

289 1843 364 1871 sunt
388 1849 424 1870 ac
449 1839 612 1870 deterioris
637 1841 738 1869 notae.
764 1837 959 1878 Plerumque
983 1838 1165 1878 conspirant
1189 1847 1262 1868 cum
1287 1838 1394 1879 aliquo
1419 1838 1504 1869 codi-

290 1907 363 1928 cum
398 1897 460 1927 iam
497 1896 701 1926 collatorum:
738 1895 815 1935 quid
851 1897 956 1925 autem
992 1893 1144 1925 attinebat
1180 1904 1279 1925 novas
1309 1895 1503 1935 corruptelas

289 1962 545 1993 commemorare,
574 1952 684 1993 quales
709 1951 888 1983 sunt....⁷’
912 1952 1142 1982 Auctoritatem
1167 1951 1312 1982 codicum
1336 1951 1503 1992 Euripide-

323 2102 349 2132 1)
369 2102 433 2126 Vide
456 2101 596 2133 „Zeitsehu
614 2102 631 2125 s.
650 2101 674 2124 d.
693 2100 1060 2124 Alterthumswissenschaft'‘
1079 2108 1100 2124 a.
1120 2099 1184 2123 1848
1203 2100 1250 2124 col.
1269 2099 1326 2124 960.

321 2142 349 2171 2)
368 2142 394 2165 P.
411 2141 487 2164 ‘28‘2—
495 2140 551 2164 286.

323 2182 350 2211 3)
369 2181 541 2212 „Geschichte
559 2180 606 2204 der
625 2180 786 2204 klassischen
806 2180 947 2210 Philologie
966 2180 993 2202 in
1011 2179 1061 2203 den
1081 2178 1292 2203 Niederlanden'·
1311 2187 1334 2210 p.
1353 2179 1392 2203 97.

323 2221 349 2251 4)
371 2222 396 2244 Ι).
421 2220 453 2244 12
473 2227 506 2243 m.
526 2220 582 2244 Iun.
601 2228 622 2244 a.
641 2219 713 2244 1847.
732 2220 847 2251 (Literae
864 2220 891 2243 in
910 2219 1048 2243 Tabulario
1068 2219 1244 2243 Bibliothecae
1262 2219 1397 2243 Leidensis
1417 2227 1502 2243 asser-

290 2260 407 2291 vantur.)

322 2300 348 2331 5)
369 2300 452 2324 Praef.
471 2307 494 2330 p.
514 2299 568 2323 vil.
