1673 2768
711 326 748 356 67

123 418 281 459 Olympici
317 418 518 459 praefatione,
551 418 650 449 Bakio
683 428 740 449 suo
766 419 918 457 dedicata,
943 419 1027 449 hunc
1052 420 1083 449 in
1110 420 1238 450 modum
1265 419 1338 450 Dio—

122 485 193 506 nem
220 475 401 515 descripsit:
421 473 440 513 1)
468 475 547 514 „fuit
571 475 664 506 homo
685 475 780 516 frugi,
792 475 1001 515 verecundus,
1014 476 1199 516 religiosus:
1215 476 1337 506 alienae

121 532 285 572 pravitatis
322 531 561 572 reprenhensor,
597 532 629 562 in
668 541 730 572 quo
765 531 942 572 castigandi
974 533 1173 563 severitatem
1198 532 1337 563 leniebat

122 587 352 618 benevolentia.
376 587 502 628 Ingenii
527 589 612 628 satis,
637 588 798 619 interdum
822 591 946 627 acutus,
969 597 1093 629 semper
1113 591 1198 619 recto
1211 588 1339 619 iudicio.

123 643 257 675 Dicendi
292 653 408 685 genere
444 644 593 675 utebatur
628 645 754 685 copioso
789 647 819 675 et
850 644 994 684 flexibili,
1026 654 1090 675 non
1115 645 1153 675 ad
1177 645 1338 676 rhetorum

123 703 288 742 praecepta
324 704 503 741 comparato
539 701 713 742 putideqne
744 702 910 741 concinno,
934 701 989 732 sed
1013 710 1053 732 ex
1078 701 1214 742 simplici
1239 702 1340 742 ipsius

124 757 287 798 depromto
311 760 432 787 natura.
458 756 529 787 Non
551 760 693 788 veterum
715 757 810 788 alicui
834 757 980 788 addictus
998 758 1094 788 huius
1108 758 1222 798 pannis
1235 758 1341 798 inepte

122 814 296 844 sententias
321 813 484 853 vestiebat,
509 813 563 844 sed
589 823 699 844 omnes
724 813 893 853 lectitabat,
916 814 949 844 in
962 814 1073 854 primis
1086 813 1343 854 Xenophontem,

123 870 216 900 cuius
252 879 383 900 veneres
418 869 682 910 amplectebatur;
717 871 826 911 itaque
858 869 1030 901 abhorrens
1054 870 1092 900 ab
1118 873 1244 901 austera
1268 880 1342 900 con-

125 927 299 967 strictaque
335 926 481 965 dictione,
505 926 629 957 dulcem
657 927 784 967 quidem
811 927 984 958 orationem
1010 927 1150 957 excoluit
1171 937 1207 957 ac
1232 927 1343 958 leniter

124 983 250 1023 lateque
274 982 435 1021 fluentem,
463 982 642 1013 distinctam
670 983 762 1013 etiam
788 983 1033 1013 similitudinum
1058 983 1343 1023 exemplorumque

126 1039 177 1070 vel
210 1039 365 1079 gravitate
400 1039 449 1069 vel
485 1039 599 1079 lepore,
635 1039 690 1070 sed
725 1039 895 1079 languidae
931 1040 1007 1070 vitio
1043 1040 1245 1080 loquacitafis
1278 1049 1341 1070 non

124 1096 236 1135 caruit,
271 1098 423 1136 tantaque
458 1105 699 1136 nonnumquam
736 1098 844 1136 peccat
879 1095 1047 1127 verborum
1073 1096 1290 1127 cumulatione
1314 1098 1343 1127 et

125 1151 255 1192 ambitu,
292 1155 326 1183 ut
361 1153 494 1183 lectores
530 1153 751 1193 intempestive
786 1155 936 1193 moretur,
973 1155 1068 1193 atque
1100 1153 1178 1183 adeo
1213 1153 1343 1183 incertis

127 1208 420 1248 comprehensionis
442 1208 561 1239 finibus
586 1218 619 1239 se
643 1209 748 1249 ipsum
774 1209 828 1238 vix
853 1208 1030 1249 expediat’⁷.

170 1263 273 1295 Laudi
303 1265 401 1305 igitur
432 1265 697 1306 vituperationem
723 1265 901 1304 admiscuit,
926 1265 1011 1296 unde
1035 1265 1097 1295 iam
1123 1265 1229 1295 statim
1254 1265 1337 1295 coni-

126 1330 196 1352 cere
231 1321 305 1352 licet
341 1320 485 1352 Geelium
522 1331 586 1352 non
623 1321 689 1352 sola
725 1321 934 1352 admiratione
968 1320 1145 1361 abreptum,
1180 1321 1235 1352 sed
1273 1321 1343 1352 aliis

126 1386 255 1418 quoque
280 1378 385 1408 causis
410 1380 589 1418 permotum
614 1377 686 1418 plus
711 1378 825 1418 viginti
850 1387 951 1408 annos
975 1377 1100 1418 scriptis
1124 1376 1237 1408 Dionis
1266 1387 1342 1408 enu-

126 1433 266 1465 cleandis
290 1434 484 1475 impendisse
500 1432 531 1473 2).

171 1488 312 1526 Quarum
348 1490 478 1521 alteram
511 1491 578 1531 ipse
612 1491 673 1521 iam
699 1490 890 1530 significavit
912 1490 945 1520 in
972 1489 1076 1521 verbis
1100 1500 1196 1531 supra
1220 1490 1341 1521 allatis:

130 1545 233 1586 „(Dio)
257 1556 367 1577 omnes
392 1546 562 1586 lectitabat,
587 1547 619 1577 in
645 1547 756 1587 primis
781 1545 1059 1587 Xenophontem''.
1083 1546 1212 1577 Praeter
1236 1546 1343 1577 Xeno·

127 1604 275 1644 phontem
319 1604 402 1634 enim
447 1606 477 1634 et
521 1602 683 1634 Platonem
729 1602 790 1633 Dio
825 1603 997 1633 identidem
1033 1602 1122 1633 affert
1157 1602 1344 1642 Homerum,

127 1659 314 1699 Hesiodum,
338 1659 553 1698 Phocylidem,
576 1659 756 1699 Tyrtaeum,
780 1660 1024 1698 Anacreontem,
1047 1659 1232 1699 Pindarum,
1256 1659 1344 1689 Aris-

128 1716 307 1757 tophanem,
331 1715 519 1756 Euripidem
534 1714 568 1756 3).

173 1772 361 1812 Accedebat,
386 1772 470 1813 quod
495 1773 652 1813 promisso
678 1774 761 1802 stare
786 1771 919 1802 volebat.
945 1771 1012 1801 Iam
1037 1781 1063 1801 a.
1090 1771 1173 1801 1820
1199 1772 1230 1801 in
1257 1780 1345 1811 prae-

127 1829 245 1859 fatione
272 1828 447 1868 „Theocriti
472 1827 657 1859 Carminum
682 1838 755 1859 cum
781 1827 950 1858 Veteribus
975 1825 1132 1858 Scholiis'⁷
1158 1828 1343 1867 scripserat:

131 1886 352 1926 „impatienter
375 1885 445 1925 tuli,
470 1894 520 1916 me
544 1895 562 1915 a
586 1884 689 1915 Dione
714 1884 939 1924 Chrysostomo
963 1882 1109 1914 avocarP'
1131 1885 1178 1922 (ut
1190 1884 1345 1914 Theocriti

131 1942 263 1973 editioni
299 1941 394 1972 finem
430 1942 627 1982 imponeret),
664 1941 716 1980 „in
753 1941 845 1971 cuius
877 1940 1015 1971 editione
1046 1940 1228 1970 adornanda
1253 1949 1346 1971 omne

131 2008 237 2029 meum
272 1998 371 2028 otium
408 2000 438 2028 et
462 2000 529 2028 tum
554 1997 740 2028 collocarem
766 2000 795 2027 et
819 1997 958 2038 posthac,
982 1997 1009 2027 si
1034 1995 1121 2027 Deus
1147 1996 1223 2026 mihi
1247 1997 1345 2026 vitam

132 2055 293 2095 largiatur,
324 2064 396 2085 sum
428 2054 671 2084 collocaturus”.
697 2053 816 2084 Iterum
842 2063 867 2083 a.
896 2053 978 2083 1825
1003 2054 1035 2082 in
1060 2052 1257 2083 Bibliotheca
1282 2052 1346 2083 Cri-

166 2190 193 2259 ἐζ
212 2189 507 2257 ξὶιὲῙίξιΙἿτέλῶθηῑονίιι
525 2230 588 2251 sunt
605 2227 681 2258 digna
700 2234 767 2257 quae
785 2227 847 2251 Geel
866 2227 890 2251 d.
909 2227 924 2250 5
941 2234 975 2251 m.
986 2226 1050 2251 Nov.
1061 2235 1083 2251 a.
1095 2227 1155 2251 1841
1170 2228 1347 2251 Bakhuizenio

134 2275 181 2292 suo
208 2267 314 2298 scripsit
340 2268 385 2299 (cs.
411 2267 494 2297 diarii,
522 2268 565 2291 cui
591 2274 687 2290 nomen
717 2267 764 2298 „de
784 2267 870 2298 Gids'’‚
889 2275 911 2291 a.
930 2266 995 2290 1906
1014 2267 1068 2291 Vol.
1086 2267 1130 2291 111.
1150 2275 1175 2298 p.
1193 2267 1266 2298 425):
1286 2269 1349 2299 „een

136 2308 262 2339 redelijke
280 2308 435 2338 conjectuur
453 2307 480 2331 in
498 2307 639 2338 Sophocles
651 2326 672 2330 ..
684 2325 706 2330 ..
726 2307 812 2330 hevalt
831 2307 876 2338 mij
897 2314 969 2330 meer
987 2306 1039 2330 dan
1057 2306 1089 2330 25
1108 2307 1134 2330 in
1154 2307 1225 2330 Dio⁷'.

167 2346 195 2378 3)
213 2346 250 2370 Cf.
268 2346 373 2370 Schmid
394 2346 429 2370 l.l.
448 2346 497 2370 vol.
515 2346 533 2370 Ι.
553 2354 576 2377 p.
595 2345 651 2370 154.
