1673 2768
908 343 946 373 70

362 436 399 466 A.
455 437 537 466 1840
592 436 741 476 Lugduni
783 435 976 466 Batavorum
1025 435 1108 475 apud
1156 434 1352 466 Luchtmans
1400 436 1533 475 prodiit:

321 491 507 531 „Dionis
540 492 868 531 Chrysostomi
901 490 1185 527 Ὀλυμπικός
1218 490 1233 526 ἢ
1257 490 1395 530 περὶτῆς
1418 490 1535 529 πρώτης

317 550 368 579 τοῦ
392 548 452 579 θεοῦ
478 548 593 583 ἐννοίαις.
619 548 790 579 Recensuit
814 550 844 578 et
869 548 1032 588 explicuit,
1058 546 1326 578 Commentarium
1352 548 1390 579 de
1403 548 1535 589 reliquis

318 604 431 635 Dionis
458 605 652 636 orationibus
677 605 791 636 adiecit
815 603 955 635 Jacobns
980 603 1139 634 Geelius”.

364 661 530 692 Dedicavit
567 672 648 702 opus
685 662 785 692 amico
819 671 877 691 suo
901 660 1011 699 Bakio,
1036 670 1174 701 quocum
1200 661 1232 690 in
1259 661 1451 701 praefatione
1474 661 1538 701 egit

319 717 357 748 de
382 717 487 748 indole
511 722 541 748 et
566 719 694 758 ingenio
719 716 833 747 Dionis
858 720 888 747 et
914 716 951 747 de
976 717 1045 747 eius
1070 716 1242 747 codicibus.
1256 716 1414 757 Olympici
1428 720 1536 748 textus

319 776 349 804 et
383 775 631 805 commentarius
669 774 729 803 123
766 773 896 813 paginas
933 772 1005 802 libri
1042 774 1215 812 continent,
1250 774 1471 804 annotationes
1504 774 1536 803 in

320 831 460 870 reliquas
485 831 642 861 orationes
668 840 695 870 p.
724 829 906 868 127—449,
930 829 1052 860 indices
1076 839 1104 870 p.
1129 829 1314 860 450—460.

367 885 433 925 „De
465 886 678 926 uitvoering’'‚
701 886 827 926 scripsit
852 885 1039 916 Bakhuizen
1065 895 1125 916 van
1152 885 1211 917 den
1237 886 1347 925 Brink,
1374 886 1538 925 „verdient

319 943 365 973 Iof
395 952 433 973 en
465 943 503 973 de
527 943 679 973 correctie
702 943 729 973 is
754 942 809 972 der
834 942 917 972 hand
943 942 1092 983 waardig,
1117 942 1167 973 die
1191 943 1269 973 haar
1293 943 1475 982 ondernam,
1500 943 1538 973 de

320 999 403 1029 hand
429 1009 489 1030 van
516 999 576 1030 den
599 999 777 1040 geleerden,
802 998 1062 1039 nauwkeurigen,
1086 999 1232 1039 genialen
1258 998 1378 1030 Oobet’'
1396 997 1427 1037 ¹).

364 1055 530 1087 Orationes
566 1056 757 1096 posteriores
793 1065 856 1086 non
891 1058 935 1086 tot
967 1055 1243 1096 explicationibus,
1268 1055 1540 1096 annotationibus,

320 1113 510 1143 coniecturis
545 1112 719 1151 adornavit,
756 1114 833 1152 quot
868 1112 987 1152 priores
1003 1109 1035 1151 ²),
1070 1112 1125 1143 sed
1158 1111 1278 1153 ubique
1311 1115 1359 1143 est
1382 1112 1466 1143 idem
1491 1112 1540 1142 vir

322 1169 535 1208 doctissimus,
563 1169 851 1209 ingeniosissimus,
875 1168 1096 1208 hilarissimus,
1121 1169 1176 1209 qui
1200 1178 1272 1199 cum
1297 1169 1398 1209 ipsius
1423 1169 1540 1209 scripta

321 1224 434 1256 Dionis
470 1229 500 1256 et
534 1226 716 1266 aequalium
748 1234 934 1266 eorumque,
966 1235 1047 1266 quos
1071 1225 1242 1256 imitandos
1266 1226 1319 1256 ille
1344 1225 1404 1256 sibi
1428 1235 1536 1266 propo-

321 1284 436 1320 suerat,
460 1282 571 1313 sedulo
596 1282 800 1321 lectitaverat,
825 1284 892 1312 tum
916 1282 1075 1322 quidquid
1100 1285 1171 1313 ante
1195 1283 1299 1322 ipsum
1325 1283 1387 1312 iarn
1411 1281 1449 1312 ab
1470 1282 1540 1313 aliis

275 1366 280 1370 .
325 1338 362 1369 de
398 1337 500 1369 Dione
536 1341 602 1369 erat
637 1338 807 1379 prolatum,
843 1339 960 1379 optime
985 1339 1149 1379 cognitum
1175 1338 1317 1370 habebat.
1343 1337 1444 1379 Opera
1469 1339 1538 1369 eius

322 1395 459 1436 pertinet
483 1398 546 1425 tam
571 1395 611 1425 ad
636 1398 734 1425 artem
760 1395 900 1425 criticam
927 1405 1022 1435 quam
1048 1395 1087 1426 ad
1111 1395 1419 1435 interpretationem3
1442 1394 1538 1425 verba

322 1452 436 1482 tradita
461 1451 609 1491 defendit,
634 1454 806 1492 oppugnat,
831 1451 986 1482 emendat.

367 1507 493 1548 Optimo
530 1508 599 1539 inre
634 1508 733 1539 Geelii
769 1507 957 1548 Olympicus
992 1508 1141 1538 laudatus
1177 1511 1224 1538 est
1260 1509 1292 1538 in
1318 1508 1433 1547 diariis,
1459 1517 1540 1548 quae

322 1564 561 1595 inscribuntur:
591 1564 728 1604 „Berlin
754 1564 845 1595 Liter.
871 1563 1028 1605 Zeitung”
1044 1563 1076 1604 ³),
1103 1564 1161 1604 „de
1176 1564 1274 1595 Gids'’
1289 1564 1322 1604 ⁴),
1339 1564 1538 1604 „Zeitschrift

322 1621 373 1651 fiir
400 1622 450 1652 die
474 1620 965 1659 Alterthumswissenschaft'’⁵).

324 1778 433 1798 vocatur
459 1774 557 1803 Getica,
583 1773 644 1797 Geel
671 1774 696 1797 d.
722 1773 738 1796 5
766 1781 799 1797 m.
826 1773 890 1797 Nov.
917 1781 939 1797 a.
965 1773 1027 1797 1841
1050 1773 1228 1798 Bakhnizeni0
1246 1773 1353 1804 scripsit
1372 1773 1399 1797 in
1418 1773 1541 1803 epistula,

324 1822 391 1845 quae
413 1814 481 1838 edita
500 1816 540 1837 cst
558 1814 584 1837 in
603 1813 694 1844 diario,
712 1813 755 1836 cui
775 1820 869 1836 nomen
887 1813 934 1844 „de
955 1812 1041 1842 Gids'',
1060 1821 1083 1837 a.
1102 1812 1166 1836 '1906
1187 1813 1234 1836 vol.
1254 1813 1296 1836 ΙΙΙ,
1316 1820 1339 1843 p.
1358 1812 1414 1836 427.

360 1854 443 1877 Huius
462 1853 693 1877 commentationis
713 1852 874 1876 mentionem
895 1853 943 1876 feei
963 1860 986 1882 p.
1006 1851 1046 1876 38.

357 1894 383 1920 1)
402 1893 439 1917 Cf.
465 1893 589 1923 diarium,
616 1893 659 1916 cui
687 1900 781 1916 nomen
811 1892 857 1923 „de
886 1891 972 1921 Gids'l,
999 1899 1021 1915 a.
1049 1891 1109 1915 1841
1140 1892 1166 1915 in
1197 1893 1281 1922 parte,
1298 1898 1366 1921 quae
1385 1890 1541 1914 inscribitur

326 1932 660 1964 ‚,Boekbeoordeelingeffl,
679 1940 703 1962 p.
721 1931 777 1955 624.

359 1973 471 2003 Paginae
490 1971 622 1995 359-—368
641 1979 693 1995 non
712 1971 805 1995 insunt
824 1971 850 1995 in
869 1970 950 1994 Geelii
961 1978 1047 2001 opere.
1059 1970 1207 1994 Molestiora
1219 1972 1281 1994 sunt
1293 1970 1421 1994 nonnulla
1432 1970 1540 2000 menda3

325 2013 360 2036 sic
389 2020 412 2043 p.
431 2011 479 2035 403
498 2012 568 2035 inter
586 2011 770 2035 annotationes
788 2010 819 2034 ad
841 2011 987 2034 orationem
1006 2010 1072 2033 LIII.
1090 2010 1187 2041 legitur
1206 2010 1341 2033 annotatio
1360 2009 1392 2033 ad
1411 2017 1448 2033 or.
1472 2009 1539 2039 L11.;

325 2053 388 2076 item
416 2052 551 2075 annotatio
578 2051 608 2074 ad
637 2059 660 2082 p.
687 2050 753 2074 14‘2d
777 2050 913 2074 invenitur
941 2050 1011 2073 inter
1037 2050 1222 2074 annotationes
1247 2049 1277 2072 ad
1298 2057 1321 2079 p.
1340 2048 1388 2072 144
1406 2048 1541 2079 (editionis

326 2091 515 2121 Morellianae).

360 2131 462 2154 Indices
489 2138 540 2154 non
569 2132 632 2153 sunt
659 2130 738 2160 pleni.
767 2129 898 2153 Nonnulla
927 2129 1052 2153 vocabula
1080 2128 1178 2152 Graeca
1205 2130 1230 2152 et
1249 2128 1341 2152 Latina
1360 2128 1448 2152 minus
1469 2130 1539 2152 recte

326 2171 490 2201 scribuntur,
515 2170 603 2200 qualia
630 2172 706 2193 sunt:
735 2169 848 2199 γίνεσθαι,
868 2168 1024 2198 ἐμπιπλάναι,
1042 2167 1141 2198 οὐδαμῆ,
1159 2167 1216 2195 εἰκῆ,
1235 2170 1323 2198 nasim
1339 2169 1457 2199 epistola,
1476 2176 1539 2192 con-

328 2213 434 2239 temtus,
452 2210 478 2233 in
498 2212 614 2240 promtu,
631 2211 724 2233 emtor.
736 2209 771 2232 De
783 2208 864 2233 Geelii
877 2208 1018 2232 Latinitate
1030 2215 1110 2238 pauca
1122 2208 1148 2231 in
1159 2207 1266 2238 Epilogo
1276 2207 1461 2238 disputaturus
1472 2215 1540 2231 sum.

359 2250 384 2279 ⁸2)
405 2250 463 2280 Eg.
483 2258 506 2280 p.
525 2249 657 2273 428—432
675 2249 728 2280 egit
746 2249 778 2272 de
798 2257 820 2280 p.
840 2249 1004 2273 eoin-6370
1023 2249 1146 2272 editionis
1165 2249 1341 2273 Morellianae,

360 2289 385 2319 3)
407 2290 434 2313 Λ.
454 2289 518 2313 1840
537 2290 597 2313 fasc.
617 2289 696 2312 XXX.

361 2329 386 2355 4)
406 2329 500 2355 Partis.
519 2329 561 2352 cui
580 2336 675 2352 nomen
697 2328 1031 2359 „Boekbe001·deelingen'',
1048 2336 1069 2351 a.
1089 2327 1149 2351 1841
1172 2335 1196 2358 p.
1213 2327 1354 2356 558—576,
1373 2327 1512 2353 609—6‘25.

361 2369 384 2396 5)
404 2369 431 2391 Α.
452 2368 512 2391 ’1841
534 2368 581 2391 col.
599 2367 739 2392 3:37-37-2.
