1673 2768
870 261 930 291 156

338 409 414 440 Geel
438 411 650 451 praeceptoris
675 419 793 440 munus
819 418 995 449 numquam
1020 409 1169 439 deseruit.
1194 408 1266 439 Non
1291 411 1415 440 tantum
1441 409 1508 449 ipse

293 465 441 497 studebat
477 466 576 496 literis
608 466 760 506 antiquis,
795 465 849 495 sed
886 465 980 495 etiam
1013 464 1236 495 adulescentes
1260 465 1444 505 ingeniosos
1468 465 1508 495 ad

293 522 402 553 eadem
446 522 552 552 studia
597 522 736 552 excitare
773 520 903 551 solebat.
943 520 1037 559 „Wat
1072 520 1192 551 Hector
1227 539 1268 542 —
1304 522 1348 552 ita
1383 522 1510 562 scripsit

294 577 438 620 Fruin1)
463 597 505 600 —
533 588 612 617 „van
646 579 704 617 zijn
731 586 808 607 zoon
835 577 958 617 hoopte,
982 576 1034 607 dat
1060 587 1130 608 men
1157 587 1231 608 eens
1256 587 1317 608 van
1343 578 1412 608 hem
1439 587 1508 618 zeg-

293 645 355 675 gen
391 645 451 665 zou
489 635 541 665 dat
576 635 614 674 hij
654 634 719 664 veel
753 633 839 664 beter
870 633 1041 673 krijgsman
1067 643 1131 664 was
1157 633 1216 664 dan
1242 634 1303 673 zijn
1329 634 1434 673 vader,
1458 634 1510 664 dat

296 692 476 722 wenschten
503 691 580 723 Geel
604 700 643 721 en
669 690 755 720 Bake
779 699 858 720 even
883 689 1012 730 opreeht
1036 699 1074 720 en
1101 690 1194 730 vurig
1219 700 1278 720 van
1303 690 1394 720 elken
1420 700 1510 721 voor—

295 748 477 788 treffelijken
503 747 640 786 student,
665 747 696 776 in
723 747 803 777 wien
829 747 864 786 zij
891 755 948 777 een
972 746 1174 787 geestelijken
1199 756 1277 776 zoon
1304 746 1433 787 zagen.''

341 805 392 835 Sic
428 804 632 835 Karstenium
665 806 695 833 et
728 802 892 843 Cobetum,
918 806 953 833 ut
977 803 1055 833 alios
1081 803 1233 841 omittam,
1259 802 1334 833 Geel
1360 803 1511 834 omnibus

297 861 419 892 viribus
451 865 546 901 atque
579 860 693 900 opibus
717 859 848 890 adiuvit.
875 858 1001 895 Quanto
1025 859 1142 900 gaudio
1167 860 1341 890 exsultavit
1364 870 1389 890 a.
1418 860 1512 899 1840,

297 927 369 948 cum
406 916 540 947 Karsten
577 926 695 946 munus
727 915 914 956 professoris
939 916 1064 946 tandem
1091 920 1204 947 nactus
1224 919 1323 947 esset:
1352 916 1403 954 „ik
1429 926 1513 947 wan-

298 974 379 1014 hoop
415 983 476 1003 van
514 973 558 1003 dit
582 972 751 1012 eogenblik
775 972 809 1003 af
830 973 896 1003 niet
919 972 1029 1013 geheel
1055 982 1113 1002 aan
1140 973 1192 1003 het
1217 972 1333 1003 herstel
1359 982 1419 1003 van
1445 972 1514 1003 vele

298 1031 414 1070 dingen
440 1030 507 1060 hier
531 1034 560 1060 te
584 1028 699 1060 lande''
713 1027 750 1070 ²).

344 1086 453 1117 Cobeti
489 1095 618 1127 quoque
654 1087 865 1127 peregrinatio
901 1086 1066 1116 literarum
1103 1095 1200 1116 causa
1235 1088 1383 1126 suscepta
1407 1085 1514 1117 Geelio

299 1143 438 1173 debetur.
475 1142 548 1183 Ipse
583 1152 609 1173 a.
640 1143 722 1172 1849
747 1141 968 1173 Bakhuizenio
993 1143 1119 1182 scripsit
1133 1140 1178 1183 3):
1207 1141 1310 1180 „Toen
1334 1141 1366 1172 ik
1391 1142 1429 1172 de
1453 1142 1515 1172 reis

300 1209 360 1230 van
398 1199 495 1230 Cobet
530 1198 671 1229 bewerkt
706 1208 744 1228 en
778 1198 933 1229 bestuurd
957 1198 1027 1237 heb,
1050 1207 1145 1239 greep
1171 1198 1203 1228 ik
1228 1198 1281 1229 het
1305 1207 1515 1239 opgeworpen

300 1255 521 1296 Simplicische
556 1255 631 1295 plan
668 1264 729 1285 van
765 1254 903 1286 Karsten
939 1264 1008 1294 aan,
1041 1265 1129 1285 maar
1160 1255 1234 1294 mijn
1259 1255 1376 1286 arriere
1400 1255 1516 1296 pensee

300 1322 405 1343 waren
442 1312 480 1342 de
511 1310 645 1350 πάρεργα
677 1321 736 1342 van
763 1311 868 1351 Cobet,
893 1321 931 1342 en
957 1311 985 1342 al
1011 1312 1063 1342 het
1088 1311 1346 1342 onberekenbare
1371 1314 1439 1352 nut,
1465 1311 1517 1341 dat

300 1369 338 1409 hij
365 1379 424 1399 van
450 1378 506 1399 een
534 1369 667 1409 5-jarige
690 1368 835 1409 geleerde
858 1369 920 1399 reis
945 1377 1005 1398 zou
1029 1368 1171 1399 trekken.
1197 1367 1250 1398 Dit
1274 1368 1300 1398 is
1322 1368 1415 1408 nogal
1435 1368 1516 1408 goed

300 1429 330 1456 te
364 1428 432 1466 regt
457 1425 627 1466 gekomen;
654 1434 693 1455 en
719 1425 764 1455 dit
788 1426 815 1455 is
840 1434 901 1455 van
925 1424 986 1455 alle
1010 1424 1048 1455 de
1072 1425 1202 1465 geringe
1229 1424 1457 1465 bemoe'rjingen
1483 1425 1515 1455 in

302 1483 376 1522 mijn
401 1482 503 1520 leven,
529 1482 567 1512 de
592 1482 711 1522 eenige,
736 1491 775 1522 op
800 1482 876 1511 wier
900 1481 1054 1512 uitkomst
1077 1481 1109 1511 ik
1134 1482 1183 1520 mij
1210 1482 1241 1511 in
1268 1481 1352 1512 stilte
1376 1482 1435 1511 iets
1456 1482 1518 1512 laat

302 1536 503 1569 voorstaan”.

346 1595 445 1625 Bakio
469 1598 499 1625 et
525 1594 632 1625 Geelio
661 1594 797 1634 „optime
822 1594 860 1624 de
883 1603 917 1624 se
942 1595 1063 1624 meritis
1088 1594 1260 1624 carissimis
1283 1593 1394 1623 amicis
1418 1593 1518 1624 studi-

303 1662 394 1682 orum
430 1651 575 1682 fructus”
611 1650 707 1681 Cobet
743 1654 773 1681 et
807 1660 832 1681 a.
871 1651 955 1680 1854
991 1653 1021 1681 et
1052 1660 1080 1681 a.
1108 1650 1192 1680 1873
1217 1649 1330 1680 Varias
1354 1648 1519 1681 Lectiones

303 1708 481 1749 praeclaras
505 1717 580 1738 suas
605 1707 770 1738 dedicavit.

349 1764 411 1801 Qui
447 1768 509 1795 tam
543 1764 598 1795 diu
630 1768 660 1795 et
684 1765 745 1804 ipsi
769 1762 901 1794 feliciter
926 1773 1051 1804 operam
1078 1763 1230 1794 dederant
1254 1763 1353 1794 literis
1378 1763 1520 1803 antiquis

305 1825 334 1852 et
370 1824 605 1862 oppugnatores
641 1821 759 1861 patriae
784 1820 973 1860 philologiae
997 1823 1127 1850 strenue
1151 1812 1423 1860 propulsav‘erant,
1447 1819 1518 1849 laeti

305 1879 494 1908 invenerant
521 1887 749 1915 successorem,
774 1878 805 1907 in
832 1877 924 1907 cuius
949 1876 1094 1907 custodia
1119 1876 1228 1906 literae
1251 1885 1337 1906 more
1363 1877 1518 1906 maiorum

306 1934 410 1964 cultae
433 1936 519 1964 tutae
542 1937 648 1964 essent
671 1933 806 1964 futurae.

342 2122 367 2153 1)
388 2124 517 2155 „Brieven
536 2131 585 2147 van
605 2123 685 2147 Cobet
703 2130 751 2147 ann
771 2122 851 2147 Gee1''
869 2123 950 2154 praef.
968 2130 992 2153 p.
1010 2122 1065 2147 XX.
1084 2122 1121 2146 Cs.
1133 2124 1270 2152 praeterea
1279 2129 1346 2153 quae
1357 2123 1521 2153 scripserunt

309 2163 406 2187 Lucian
427 2164 538 2187 Mueller
556 2164 602 2193 (l.l.
622 2171 647 2195 p.
665 2162 717 2193 97),
737 2163 888 2187 Bakhuizen
908 2163 1047 2193 (,.Studien
1067 2169 1100 2186 en
1118 2161 1262 2185 Schetsen'‘
1282 2163 1331 2185 vol.
1350 2162 1393 2186 111.
1413 2170 1436 2193 p.
1454 2162 1523 2192 426),

310 2203 448 2227 Holwerda
468 2203 506 2233 (in
526 2203 617 2235 diario,
635 2203 704 2234 quod
724 2203 880 2226 inscribitur
899 2203 946 2233 „de
965 2202 1051 2231 Gids“,
1070 2210 1092 2225 a.
1111 2201 1176 2225 1890
1195 2202 1243 2225 vol.
1262 2202 1304 2226 ΙΙΙ.
1324 2209 1348 2232 p.
1365 2201 1433 2233 429).

342 2241 368 2270 9.)
387 2243 504 2273 Epistula
523 2246 675 2266 asservatur
693 2243 720 2266 in
741 2242 901 2266 Bibliotheca
922 2242 1050 2266 Leidensi.
1068 2241 1105 2266 Cf.
1124 2241 1192 2265 Sect.
1213 2241 1230 2264 l.
1249 2249 1272 2271 p.
1291 2241 1331 2265 50.

343 2280 369 2311 3)
390 2282 442 2305 Hae
463 2282 553 2306 literae
571 2283 651 2305 etiam
671 2282 793 2313 Lugduni
813 2282 971 2306 Batavorum
990 2283 1169 2305 asservantur.
