1673 2768
731 346 791 375 143

196 438 477 478 Acquiescendum
515 439 591 469 mihi
618 438 743 469 videtur
767 439 800 468 in
826 437 925 468 Geelii
951 437 1079 475 iudicio,
1104 442 1226 477 praeter
1251 437 1367 468 Home-

152 503 222 524 rum
248 498 277 525 et
301 494 379 525 alios
403 498 433 525 et
454 494 639 535 Euripidem
666 494 858 534 quandoque
886 494 1081 524 dormitasse.

140 548 144 551 ’
196 549 252 580 Vs.
280 551 363 580 1155
387 550 505 591 legitur
530 553 588 589 πῦρ
611 550 661 580 ux}
687 549 890 584 Sizs'mmdcv*
903 549 1108 587 ammai-,bxv
1123 549 1210 579 πέλω
1228 549 1258 586 ¹).
1273 548 1368 579 Recte

154 605 229 636 Geel
251 616 380 646 quoque
402 607 549 647 praetulit
562 606 768 644 κκτκσκγὶψων
781 606 918 645 lectioni,
933 615 1015 646 quae
1028 610 1075 637 est
1088 604 1291 643 κκτκσκκφκ,
1306 616 1368 645 qua

154 672 218 693 non
232 662 336 693 solum
351 663 566 703 thrasoniana,
579 663 632 694 sed
647 663 793 694 scurrilia
805 662 917 693 fierent
931 662 1026 693 verba
1041 662 1287 703 Parthenopaei3
1303 671 1367 692 rec-

153 719 218 749 tius
244 729 338 759 quam
364 718 508 750 fecerunt
529 719 737 757 Valckenaer,
756 719 878 757 Nauck,
900 718 1074 757 Wecklein,
1094 720 1162 759 ipse
1175 719 1270 759 elegit
1294 728 1366 748 cum

153 774 339 806 Hermanno
365 775 506 806 almum
531 776 687 817 singulari
712 785 857 815 numero,
880 785 951 806 nam
973 776 1017 805 ita
1037 779 1113 806 sunt
1129 775 1245 813 „verba
1259 776 1369 805 nuncii

153 840 225 861 cum
252 832 364 863 acerba
387 833 544 871 irrisione,
568 833 659 873 quasi
686 842 770 862 unus
795 832 889 862 homo
914 841 978 862 uno
1004 831 1109 872 ligone
1134 834 1230 861 totam
1258 830 1367 861 urbem

153 897 325 919 eversurus
345 892 437 928 esset,
451 890 506 929 qui
520 889 626 919 statim
640 892 711 929 post
724 888 800 919 haec
814 887 908 918 verba
922 888 1025 928 lapide
1038 897 1211 928 percussus
1223 886 1368 917 iaceret''.

196 944 409 975 Transeamus
433 945 473 975 ad
496 945 568 975 illos
593 954 704 975 versus
732 945 957 982 1182—1186,
982 944 1020 974 de
1045 943 1162 984 quibus
1183 943 1259 974 Geel
1273 943 1367 974 Rein-

154 1001 287 1031 wardtio
312 1002 444 1042 scripsit.
470 1001 620 1042 Legimus
644 1002 675 1031 in
702 1001 874 1041 Hartungii
894 1010 1029 1031 censura
1042 999 1090 1041 2);
1109 999 1192 1038 „Der
1205 1000 1369 1031 Verfasser

155 1057 208 1088 hat
243 1058 309 1088 sich
334 1059 386 1088 ein
409 1067 535 1098 grosses
560 1058 730 1089 Verdienst
753 1057 915 1089 erworben
941 1057 1082 1087 dadurch
1107 1057 1180 1087 dass
1205 1066 1238 1087 er
1263 1061 1369 1087 zuerst

155 1113 212 1144 auf
232 1114 283 1145 die
306 1113 449 1145 Schaden
476 1114 578 1145 dieser
600 1113 705 1153 stelle,
730 1114 780 1144 die
804 1123 837 1145 er
861 1114 913 1144 fiir
937 1114 987 1144 die
1011 1113 1305 1154 allerschwierigste
1325 1114 1367 1143 im

154 1180 277 1211 ganzen
302 1170 401 1201 Stfick
425 1171 552 1211 erklart,
577 1170 789 1201 aufmerksam
815 1170 959 1211 gemacht
982 1169 1064 1200 hat”.
1078 1169 1165 1200 Idem
1181 1179 1254 1201 vero
1269 1170 1369 1201 Geelii

154 1227 345 1257 coniecturis
381 1236 444 1257 non
476 1227 714 1258 assentiendum
747 1230 836 1258 ratus
859 1227 952 1257 aliam
977 1228 1123 1267 proponit
1149 1227 1368 1266 mutationem,

154 1292 249 1323 quam
275 1283 342 1323 ipse
370 1282 594 1324 „gewaltsam”
619 1283 723 1314 dicere
749 1293 811 1313 non
827 1282 957 1313 dubitat.
972 1282 1032 1314 Sed
1046 1283 1223 1314 exscribam
1238 1293 1367 1321 versus;

154 1339 187 1369 hi
211 1342 304 1369 sunt:

729 1397 761 1426 ἐκ
786 1396 815 1427 δὲ
839 1395 997 1434 κλιμάκων

377 1452 571 1491 ἐσφενδονᾶτε
598 1452 688 1491 χωρὶς
711 1453 855 1488 ἀλλήλων
878 1452 969 1490 μέλη,
983 1452 1014 1495 3)

375 1508 466 1543 κόμαι
490 1509 544 1546 μὲν
569 1509 608 1544 εἷς
632 1508 807 1547 ’Ὄλυμπον9
833 1507 912 1546 κῖμκ
937 1510 994 1544 δ’ἑς
1020 1509 1121 1548 χθόνα,

202 1566 285 1596 1185
375 1569 473 1604 χεῖρε-,τ
498 1565 528 1596 δὲ
553 1565 604 1596 xx)
629 1565 700 1596 κῶλ’
726 1566 762 1601 ὡς
783 1565 920 1603 κύκλωμ’
942 1564 1055 1601 Ἰξίονας

376 1622 527 1653 εἱλίσσετ’·
553 1623 581 1657 ἐς
605 1625 660 1659 γῆν
684 1622 844 1661 δ’ἔμπυρος
869 1622 977 1653 πίπτει
1002 1622 1102 1661 νεκρός.

157 1678 231 1710 Geel
262 1679 381 1719 incepit
411 1689 428 1709 a
459 1678 539 1710 fine:
575 1682 664 1719 „post
702 1679 848 1710 miseram
884 1679 971 1709 illam
1008 1679 1246 1720 dissipationem
1273 1689 1366 1710 mem—

156 1734 286 1766 brorum
323 1734 459 1776 Capanei
495 1739 661 1776 exspectes
695 1737 728 1766 in
754 1738 868 1766 terram
894 1746 1003 1776 sparsa
1028 1736 1184 1767 deiectum
1210 1736 1257 1766 iri.
1281 1735 1369 1766 Nihil

156 1792 287 1822 horum:
317 1796 388 1833 post
410 1793 598 1823 rotationem
623 1792 664 1827 εἷς
688 1795 744 1830 γῆν
769 1792 900 1831 &ssav-ops,-
924 1792 1034 1823 πίπτει
1060 1792 1161 1831 νεκρός.
1186 1792 1278 1829 Quod
1303 1802 1369 1823 cor-

155 1849 240 1889 pus?
276 1849 436 1889 quodnam
472 1849 630 1880 cadaver?
665 1849 716 1879 An
750 1859 876 1880 summa
899 1849 1103 1880 collectorum
1129 1848 1370 1880 membrorum?

156 1906 228 1945 quis
259 1905 388 1935 credet?
413 1906 511 1935 immo
535 1908 621 1936 totus
645 1906 832 1946 integerque
857 1905 1016 1945 membris,
1040 1906 1101 1936 nisi
1126 1905 1211 1946 quod
1236 1905 1369 1936 adustus

156 1964 230 2001 erat,
255 1961 441 1992 deturbatur
465 1963 498 1992 in
522 1965 653 1992 terram:
680 1963 787 2002 itaque
811 1963 1047 2002 integrum
1073 1962 1207 1993 cadaver
1232 1962 1369 2002 Capanei

156 2018 288 2049 humare
322 2019 487 2048 constituit
521 2017 660 2049 Theseus
696 2019 727 2048 in
765 2018 875 2059 Suppl.
908 2019 948 2048 33
973 2028 1042 2058 sqq.
1068 2027 1173 2058 neque
1197 2020 1370 2059 excogitari

155 2078 258 2115 potest
282 2085 339 2105 cur
362 2074 534 2115 Euripides
558 2075 590 2105 in
616 2074 740 2105 duabus
765 2074 904 2115 Fabulis,
930 2084 1065 2115 quarum
1091 2078 1277 2115 argumenta
1305 2079 1367 2106 tam

189 2204 216 2234 1)
234 2205 262 2228 In
290 2204 360 2228 ealce
387 2204 510 2228 editionis
534 2205 750 2229 Weckleinianae
773 2204 882 2235 legitur:
905 2203 1031 2234 „iiam-27
1050 2204 1112 2232 EGl,
1130 2203 1241 2230 &mr-mm
1261 2204 1323 2234 Lr'’;
1343 2205 1368 2228 in

155 2244 313 2274 appendice:
333 2244 499 2274 πκκτκσκάφω
519 2245 544 2267 in
564 2252 615 2268 rec.
636 2243 727 2267 libr0''.
745 2243 916 2273 Valckenaer,
936 2243 1080 2269 Hermann,
1098 2242 1160 2266 Geel
1178 2246 1267 2267 autem
1286 2245 1369 2274 scrip-

156 2286 249 2307 serunt
267 2283 418 2309 κκτκσκαὶὺω
435 2284 516 2307 etiam
534 2284 646 2307 aliorum
666 2283 786 2307 codicum
804 2290 861 2306 esse
879 2283 1030 2306 lectionem.

188 2322 215 2350 9.)
235 2323 269 2346 1.1.
287 2323 334 2346 col.
352 2321 408 2346 462.

190 2362 216 2391 3)
235 2362 275 2386 Sc.
293 2363 414 2393 Capanei.
