1673 2768
714 304 754 333 55

167 396 275 426 Altera
310 405 382 436 pars
408 395 590 427 Voluminis
615 396 653 426 V.
677 397 817 427 continet
841 406 898 427 sex
927 397 1134 435 „relationes”
1160 398 1338 430 breviores:

122 454 254 493 primam
287 453 326 483 de
357 452 465 483 Eberti
490 462 592 493 opere,
617 454 669 483 cui
693 453 805 483 titulus
831 456 877 483 est
905 453 1140 493 „Allgemeines
1165 454 1339 495 Bibliogra—

121 509 266 549 phisches
302 508 474 539 Lexicon''.
513 508 624 547 „Quod
660 509 698 540 de
730 510 846 548 critica,
879 510 992 550 inquit,
1023 519 1095 540 vere
1120 510 1202 541 dixit
1228 510 1339 542 Ruhn-

122 565 244 604 kenius,
280 565 399 596 nullam
437 575 506 596 esse
541 568 639 596 artem
675 575 710 596 ac
743 566 951 606 disciplinam,
984 576 1065 607 quae
1089 567 1160 607 plus
1185 568 1234 598 vel
1259 568 1336 599 infa-

122 623 201 652 miae
226 622 275 652 vcl
299 622 438 652 invidiae
462 624 664 661 contraxerit,
689 623 748 653 hoc
768 632 825 663 ego
848 633 947 663 quum
971 626 1043 653 ante
1063 624 1132 654 sine
1152 625 1338 664 exceptione

120 678 361 719 intelligendum
402 688 471 709 esse
507 679 722 718 credidissem,
758 682 866 719 postea
901 680 1039 720 comperi
1075 689 1144 710 esse
1179 683 1338 720 praeterea

119 738 217 765 artem
253 735 424 775 quandam,
461 744 542 775 quae
579 745 641 765 non
677 735 769 765 modo
801 735 909 766 eadem
935 735 1062 766 infamia
1087 739 1257 776 prematur,
1282 737 1337 768 sed

120 801 215 831 quam
252 791 343 821 multi
379 791 471 832 plane
506 792 626 822 nullam
664 801 732 822 esse
755 794 883 832 putent:
910 791 1171 832 bibliographiam
1198 792 1289 823 dico⁷’
1307 792 1337 830 ¹).

119 847 272 878 Ebertum
308 850 414 878 autem
452 848 527 878 dicit
565 851 728 887 „veterum
766 848 927 879 literarum
960 852 1102 880 amantes
1127 849 1337 880 obstrinxisse

118 907 264 935 accurata
290 904 501 945 descriptione
524 905 734 945 plurimarum
760 904 957 935 editionum'‘
974 903 1005 943 2).

162 961 308 991 Alterum
334 961 484 991 volumen
510 961 553 991 Io.
579 960 797 1000 chrysostomi
822 961 1018 992 Selectorum
1043 962 1163 993 editum
1178 962 1336 1003 Voorstio,

119 1018 173 1057 qui
221 1020 362 1057 praeerat
405 1017 620 1048 Bibliothecae
657 1017 755 1057 Lugd.
793 1017 940 1057 Batavae,
975 1018 1154 1058 gratulatur
1190 1028 1335 1059 opusque

117 1074 185 1104 eius
206 1073 407 1104 commendat
428 1073 693 1112 adolescentibus,
719 1074 793 1114 „qui
815 1073 944 1104 Patrum
960 1074 1152 1105 Graecorum
1166 1075 1333 1106 lectionem

116 1130 350 1171 ingrediuntur,
386 1131 506 1170 quique
542 1130 662 1161 discere
693 1131 829 1170 cupiunt
854 1131 931 1171 quid
954 1130 1124 1161 liberaliori
1147 1130 1334 1172 Theologiae

117 1196 287 1217 commune
312 1187 352 1217 sit
378 1196 450 1217 cum
476 1185 643 1225 literis‘'3).

160 1243 284 1274 Deinde
320 1253 360 1274 ex
397 1243 431 1274 G.
464 1243 642 1274 Hermanni
675 1244 812 1274 editione
836 1244 1058 1284 Aristophanis
1083 1243 1227 1275 Nubium
1252 1245 1332 1275 nihil

116 1300 181 1331 fere
217 1301 278 1331 nisi
315 1301 384 1331 eius
421 1301 611 1331 sententiam
649 1300 686 1331 de
722 1300 855 1331 consilio
892 1299 1034 1331 Nubium
1071 1303 1101 1331 et
1133 1301 1170 1331 de
1202 1299 1331 1332 Socrate

116 1357 270 1388 tractavit.
295 1357 385 1388 Aliae
409 1366 538 1397 quoque
563 1357 785 1397 Aristophanis
811 1357 964 1388 editiones
986 1357 1093 1388 Geelio
1113 1358 1172 1387 hoc
1193 1357 1231 1388 de
1252 1358 1332 1388 libro

114 1414 253 1445 relaturo
285 1414 398 1444 allatae
428 1416 534 1444 erant:
571 1423 735 1454 „magnus,
766 1414 880 1454 inquit,
904 1414 954 1443 hic
978 1413 1133 1444 librorum
1158 1417 1332 1454 proventus

113 1471 146 1501 in
183 1480 247 1501 uno
283 1471 523 1511 circumscripto
558 1480 673 1511 genere
698 1471 803 1501 nescio
834 1471 992 1510 quomodo
1023 1480 1086 1501 non
1119 1474 1239 1502 recreat
1265 1473 1331 1502 ani-

114 1537 211 1565 mum,
239 1528 272 1557 in
296 1527 345 1557 his
371 1527 571 1558 aerumnosis
595 1527 791 1566 temporibus
814 1526 905 1557 facile
929 1527 1124 1557 invidentem
1148 1528 1187 1558 iis
1212 1527 1330 1568 quibus

113 1583 191 1614 deus
224 1583 300 1614 haec
332 1584 394 1614 otia
426 1583 535 1614 faciat:
562 1584 679 1623 quippe
703 1583 794 1613 nobis
819 1582 943 1614 labante
967 1592 1000 1614 re
1024 1583 1150 1623 publica
1175 1593 1214 1614 ne
1239 1584 1331 1615 datur

113 1640 241 1681 quidem
277 1641 309 1670 in
342 1641 390 1671 his
422 1640 585 1671 literarum
618 1640 769 1671 fluctibus
802 1640 856 1670 ubi
880 1641 1053 1671 consistere
1077 1642 1251 1681 possimus;
1279 1642 1330 1672 de-

112 1697 257 1737 pellenda
281 1706 357 1728 vero
381 1697 501 1728 fortiter
525 1699 572 1728 est
596 1697 699 1728 omnis
725 1697 863 1737 maligna
886 1696 1097 1737 perturbatio:
1124 1698 1329 1738 quamobrem

111 1754 239 1784 illorum
273 1753 428 1784 bonorum
460 1754 635 1794 exploratio
666 1754 697 1783 in
731 1753 816 1784 aliud
848 1756 975 1794 tempus
1008 1753 1177 1793 differetur,
1203 1764 1238 1785 ac
1262 1754 1330 1786 bre-

112 1811 183 1841 vius
215 1811 308 1841 etiam
341 1811 379 1841 de
403 1810 580 1842 Hermanni
604 1810 683 1841 libro
708 1820 793 1841 nunc
815 1810 996 1841 memorabo
1021 1820 1116 1851 quam
1141 1811 1231 1841 initio
1256 1821 1330 1842 con-

115 1866 301 1898 stitueram‘’
316 1866 347 1905 4).

160 1923 235 1954 Geel
271 1933 334 1954 non
370 1925 477 1954 minus
514 1933 609 1964 quam
644 1924 749 1954 literas
787 1924 991 1954 humaniores
1027 1922 1152 1954 amabat
1176 1925 1328 1965 patriam;

116 1981 209 2011 cuius
234 1980 322 2011 dolor
347 1984 377 2011 et
401 1981 624 2011 detrimentum
649 1981 754 2021 ipsum
780 1989 908 2020 quoque
930 1980 1037 2010 dolore
1058 1979 1243 2011 afficiebant.
1257 1980 1329 2011 Bel-

115 2037 182 2067 lum
213 2040 318 2068 autem
343 2048 369 2068 a.
396 2038 479 2068 1830
505 2040 650 2068 exortum
676 2038 769 2068 etiam
795 2036 1021 2067 Bibliothecam
1047 2037 1187 2068 criticam
1212 2047 1328 2068 novam

115 2094 260 2134 perdidit.

147 2209 173 2239 1)
193 2210 227 2234 1.1.
247 2217 271 2240 p.
289 2208 345 2234 514.

147 2248 174 2279 2)
192 2249 226 2273 1.1.
247 2257 271 2280 p.
290 2249 346 2273 517.

147 2288 175 2319 3)
194 2289 227 2313 1.1.
246 2297 270 2319 p.
288 2288 344 2313 534.

149 2327 175 2358 4)
195 2328 228 2351 1.1.
247 2336 271 2358 p.
289 2328 345 2352 554.
