1673 2768
679 769 1012 809 THESES.

833 1085 855 1115 I.

283 1176 358 1207 Geel
383 1180 456 1207 ante
480 1178 587 1207 omnia
611 1177 670 1208 fuit
695 1178 876 1218 philologus
900 1178 1061 1208 classicus.

825 1295 865 1326 II.

282 1387 313 1418 L.
350 1387 485 1419 Mueller
520 1389 731 1419 contendens:
772 1389 878 1427 „Ganz
915 1389 1081 1420 derselben
1106 1388 1267 1429 Richtung
1289 1389 1449 1429 zugethan

237 1447 343 1485 (atque
377 1444 474 1482 Bake)
510 1455 575 1475 war
611 1445 696 1483 Geel,
720 1455 780 1475 von
806 1445 860 1476 der
886 1446 973 1476 seine
998 1445 1149 1485 Ausgabe
1173 1445 1228 1475 der
1252 1444 1448 1476 Phoenissen

237 1501 286 1531 ein
312 1501 506 1531 riihmliches
531 1500 686 1541 Zeugniss
711 1501 836 1542 ablegt⁷'
860 1501 1010 1542 („Gesch.
1036 1501 1091 1532 der
1114 1501 1155 1531 kl.
1180 1501 1259 1531 Phil.
1284 1502 1302 1531 i.
1323 1501 1350 1532 d.
1375 1501 1449 1533 Nie-

237 1556 335 1588 derl.”
371 1568 399 1598 p.
431 1556 488 1599 97)
513 1558 630 1588 iniuria
655 1558 798 1598 neglexit
820 1558 990 1589 editionem
1016 1557 1175 1598 Olympici
1199 1557 1448 1589 Phoenissarum

236 1614 399 1655 aliquanto
428 1615 698 1655 praestantiorem.

818 1731 873 1762 III.

279 1825 349 1856 Non
375 1828 422 1856 est
446 1824 642 1865 probandum
668 1825 832 1864 iudicium,
854 1825 938 1866 quod
961 1836 987 1854 v.
1009 1835 1033 1855 c.
1055 1825 1092 1855 A.
1114 1825 1148 1856 E.
1171 1825 1201 1855 J.
1224 1824 1394 1855 Holwerda
1414 1826 1447 1855 in

236 1882 345 1921 diario,
381 1882 432 1912 cui
464 1891 577 1912 nomen
614 1881 672 1921 „de
697 1881 805 1921 Gids'',
829 1892 854 1912 a.
882 1882 965 1912 1890
991 1881 1049 1912 vol.
1075 1881 1132 1912 ΙΙΙ.
1156 1892 1184 1922 p.
1209 1882 1271 1912 427
1298 1881 1446 1922 protulit:

239 1938 295 1977 „In
331 1939 403 1969 dien
439 1938 644 1978 tussohentijd
682 1937 803 1979 (agitur
839 1938 876 1969 de
901 1939 992 1969 annis
1017 1941 1087 1978 post
1113 1937 1392 1977 Wyttenbachiuin
1418 1940 1448 1969 et

236 1998 309 2025 ante
333 1993 503 2036 Cobetum)
528 1994 692 2025 bewaarde
716 1994 754 2025 de
778 1994 932 2025 Leidsehe
951 1993 1172 2035 Hoogeschool
1192 1997 1361 2035 tegenover
1373 1994 1448 2025 hare

232 2052 362 2091 jongere
397 2054 520 2082 zusters
555 2060 613 2082 een
649 2051 743 2082 zeker
773 2051 885 2091 gevoel
917 2061 978 2081 van
1003 2051 1194 2092 suprematie
1218 2060 1257 2082 en
1281 2051 1333 2082 het
1357 2051 1385 2081 is
1410 2051 1448 2082 de

236 2117 332 2148 vraag
366 2107 400 2137 of
431 2108 467 2147 zij
504 2107 662 2147 werkelijk
698 2107 756 2138 wel
791 2107 900 2147 geheel
935 2108 1088 2148 inzag,
1124 2107 1177 2138 dat
1201 2107 1238 2138 de
1263 2107 1363 2148 dagen
1385 2117 1446 2137 van

236 2163 374 2204 Scaliger
397 2173 434 2195 en
460 2163 683 2195 Hemsterhuis
708 2163 812 2195 sedert
836 2164 911 2204 lang
935 2163 1051 2204 voorbij
1073 2173 1187 2195 waren.
1209 2163 1309 2194 Zeker
1321 2163 1446 2194 vonden

237 2220 402 2251 enkele
437 2224 544 2260 groote
568 2229 705 2250 mannen
730 2222 777 2250 uit
801 2220 854 2250 het
879 2220 1065 2250 buitenland
1090 2224 1120 2250 te
1140 2219 1258 2251 Leiden
1283 2221 1447 2260 eenige

238 2277 461 2317 waardeering,
496 2276 574 2307 doch
599 2276 725 2316 andere,
751 2276 857 2307 zooals
883 2276 952 2316 bijv.
977 2272 1186 2316 Niebuhr,
1211 2276 1336 2307 werden
1361 2285 1446 2307 soms
