1673 2768
879 307 918 337 18

291 410 308 430 a
332 399 415 430 Maio
440 400 523 431 edita
546 400 688 441 intellegi
713 401 767 430 vix
792 409 884 440 posse
902 399 940 438 ¹):
969 401 1085 441 „igitur
1109 404 1163 431 aut
1188 401 1321 441 legenda
1342 410 1404 431 non
1420 403 1503 438 sunt,

291 459 345 487 aut
380 456 583 497 corrigenda:
620 457 653 486 in
689 466 753 497 quo
788 456 969 487 dilemmate
1001 459 1032 487 te
1055 457 1280 488 assentientem
1305 456 1436 495 habebo,
1460 457 1503 486 mi

289 512 478 551 Hamakere,
513 513 694 543 dialecticae
729 513 974 553 peritissimum:
1012 522 1120 543 sumes
1153 514 1238 544 enim
1264 512 1506 554 proculdubio,

290 569 426 600 edidisse
460 568 582 599 Maium
619 572 653 599 ut
685 569 881 610 legeremus:
915 578 989 609 ergo
1014 569 1218 609 relinquitur,
1241 570 1357 610 corrigi
1382 568 1503 599 debere.

291 624 466 666 Quousque
500 625 602 664 liceat,
638 626 802 666 quaeritur
837 635 854 655 a
891 625 1072 656 nonnullis:
1105 625 1208 656 facilis
1242 626 1407 666 responsio
1440 627 1503 655 est:

290 682 441 712 nimirum
467 682 604 722 penitus,
627 683 654 712 si
679 684 797 722 potest:
824 682 873 712 sin
898 682 1015 720 minus,
1040 691 1135 722 quam
1162 683 1279 722 optime
1305 700 1354 711 —-.
1380 680 1504 718 Quibus

290 738 479 779 praesidiis?
513 757 552 760 —
584 748 646 769 usu
672 737 849 777 Polybiano
875 740 905 768 et
929 739 1191 769 coniectura....
1217 737 1300 775 Quin
1326 739 1424 779 igitur
1449 747 1503 768 ex-

290 797 411 835 spectas
447 795 522 826 dum
558 795 639 826 alius
672 794 756 825 Maio
789 804 880 835 opem
912 794 1001 833 ferat,
1025 795 1206 835 iterumque
1232 795 1333 825 codex
1357 795 1505 835 inspicia-

290 850 484 889 turP2)....
527 851 599 882 Non
643 851 734 882 lusus
775 854 822 882 est
857 851 991 891 puerilis
1027 851 1191 882 divinandi
1226 851 1405 889 artificium,
1439 860 1504 881 non

291 908 524 939 effervescentis
559 907 789 938 adolescentiae
824 907 1013 948 crepundia;
1047 908 1144 938 immo
1177 907 1302 948 postulo
1336 910 1371 938 ut
1394 907 1432 938 ab
1458 908 1506 938 his

291 965 388 995 sacris
412 967 580 995 arceantur
603 965 781 995 iuventutis
805 964 919 995 levitas
943 967 974 995 et
997 963 1202 1004 petulantia'‘.

334 1021 422 1052 Haec
448 1021 558 1052 ultima
584 1024 614 1052 et
639 1030 721 1061 quae
745 1023 927 1061 sequuntur
950 1021 984 1051 in
1008 1020 1072 1051 fine
1096 1020 1301 1061 praefationis
1322 1020 1360 1051 de
1381 1021 1431 1060 iis,
1452 1021 1507 1061 qui

292 1080 391 1108 artem
424 1078 564 1108 criticam
596 1086 651 1118 per
674 1077 792 1118 gradus
817 1077 1061 1108 adscendentem
1087 1080 1249 1117 ponerent,
1275 1079 1310 1108 ut
1334 1078 1387 1108 alii
1413 1078 1504 1108 mini-

292 1144 385 1172 mam,
420 1134 474 1165 alii
509 1135 669 1173 maiorem,
702 1133 755 1164 alii
787 1134 960 1164 maximam
985 1143 1134 1165 exercere
1158 1134 1348 1174 dicerentur,
1371 1135 1404 1164 in
1430 1133 1507 1165 Ger-

292 1200 403 1221 manos
428 1191 510 1221 dicta
535 1193 618 1221 sunt.
644 1189 735 1227 Quod
760 1193 890 1231 apparet
914 1200 954 1221 ex
976 1190 1078 1221 Geelii
1099 1190 1235 1231 epistula
1247 1190 1286 1221 ad
1299 1190 1506 1221 Karstenium

291 1247 361 1278 data
375 1246 415 1285 ³):
443 1246 510 1288 „Op
535 1256 606 1278 uwe
630 1247 848 1288 goedkeuring
872 1257 934 1277 van
962 1248 1054 1287 mijne
1079 1246 1255 1286 Polybiana
1279 1247 1339 1278 stel
1360 1247 1393 1277 ik
1415 1248 1505 1288 prijs:

291 1305 383 1344 mijne
414 1304 520 1345 opinie
544 1313 619 1334 over
643 1304 681 1335 de
705 1303 814 1334 critiek
838 1304 958 1334 ontviel
983 1304 1033 1343 mij
1060 1313 1116 1334 zoo
1141 1303 1241 1335 onder
1264 1304 1317 1335 het
1341 1304 1507 1344 schrijven,

290 1370 377 1391 maar
412 1361 450 1392 de
480 1359 669 1391 Duitschers
702 1360 861 1401 beginnen
893 1370 927 1391 er
951 1360 1011 1391 ook
1036 1370 1093 1391 zoo
1119 1360 1187 1391 mee
1213 1364 1243 1391 te
1267 1360 1428 1401 haspelen,
1454 1360 1507 1391 dat

289 1417 327 1448 de
351 1417 440 1448 echte
463 1416 664 1448 tekstkritiek
689 1416 751 1455 (die
775 1417 810 1456 zij
836 1416 1126 1446 Wortkritik
1151 1416 1295 1447 believen
1317 1419 1348 1447 te
1360 1418 1507 1454 noemen)

288 1473 555 1514 langzamerhand
580 1473 740 1504 onderaan
766 1472 875 1514 begint
898 1476 929 1504 te
953 1475 1052 1512 staan,
1078 1482 1117 1503 en
1142 1476 1206 1503 met
1230 1473 1286 1504 der
1305 1473 1359 1513 tijd
1373 1473 1411 1504 de
1423 1482 1504 1504 neus

289 1530 444 1561 daarvoor
479 1530 694 1571 opgetrokken
731 1530 779 1560 zal
815 1529 953 1560 worden.
988 1529 1025 1560 Ik
1061 1529 1109 1560 zal
1143 1532 1235 1570 tegen
1269 1529 1314 1560 dit
1337 1530 1506 1560 invretend

290 1586 401 1617 kwaad
436 1587 543 1617 overal
578 1589 608 1617 te
643 1586 734 1617 velde
764 1586 907 1625 trekken,
941 1596 1026 1616 waar
1057 1586 1109 1617 het
1134 1588 1164 1617 te
1186 1595 1242 1626 pas
1267 1585 1371 1616 komt:
1397 1586 1506 1617 hunne

291 1644 432 1684 eeuwige
455 1643 643 1684 splitszucht
666 1643 714 1673 za]
739 1653 802 1684 nog
827 1643 895 1674 veel
919 1641 1109 1674 bederven”.

334 1699 453 1731 Maium
488 1700 564 1730 folia
599 1699 682 1730 lectu
715 1699 904 1730 difficillima
935 1709 999 1730 non
1025 1709 1060 1730 ea
1085 1709 1148 1740 qua
1171 1708 1228 1739 par
1252 1701 1317 1729 erat
1342 1698 1506 1739 diligentia

288 1758 319 1787 et
352 1756 414 1787 fide
446 1759 682 1797 perscrutatum
715 1765 785 1786 esse
809 1758 937 1796 apparet
962 1765 1002 1786 ex
1027 1756 1129 1796 ipsius
1153 1754 1362 1796 praefatione:
1387 1765 1416 1795 p.
1443 1755 1504 1784 147

286 1813 371 1844 enim
403 1814 546 1854 scripsit:
583 1813 681 1852 „mihi
714 1815 819 1843 autem
846 1813 949 1853 operis
973 1811 1163 1852 urgentibus
1187 1811 1225 1842 ad
1251 1811 1312 1842 alia
1336 1820 1505 1852 properan-

317 1934 341 1963 1)
361 1935 396 1959 l.l.
416 1942 440 1965 p.
459 1935 517 1959 VIlI
537 1942 594 1965 sqq.

315 1974 340 2003 9.)
360 1974 520 1998 Bibliotheca
539 1974 665 1998 Vaticana
685 1974 752 1998 Maio
772 1974 904 2005 praesecto
924 1981 971 2004 per
990 1974 1088 1997 multos
1107 1980 1189 1997 annos
1208 1980 1260 1997 non
1276 1973 1347 1996 facili
1360 1973 1433 1996 aditu
1446 1973 1504 1997 fuit.

319 2014 348 2037 A.
375 2013 440 2037 1842
466 2014 547 2038 Cobet
574 2021 679 2045 quoque
707 2014 733 2037 in
753 2014 841 2037 auimo
861 2013 952 2037 habuit
973 2014 1119 2044 fragmenta
1139 2013 1280 2044 Polybiana
1300 2012 1440 2043 inspicere,
1459 2012 1503 2036 sed

289 2052 376 2076 Geelio
394 2054 459 2077 haec
477 2053 583 2084 scripsit
603 2053 743 2083 („Brieven
763 2061 813 2077 van
829 2053 909 2077 Cobet
925 2061 974 2077 aan
985 2053 1072 2081 Gee1·‘,
1085 2060 1108 2083 p.
1119 2052 1191 2082 382:
1215 2053 1365 2083 „Wanneer
1375 2053 1401 2077 ik
1413 2053 1503 2077 erlust

290 2095 332 2115 toe
350 2093 439 2122 gevoel
458 2093 495 2116 zal
514 2093 540 2116 ik
560 2093 611 2117 Mai
630 2100 695 2124 gaan
714 2093 856 2123 opzoeken.
875 2093 903 2116 lk
922 2093 1012 2124 gevoel
1030 2093 1125 2124 weinig
1144 2093 1252 2123 achting
1269 2100 1331 2116 voor
1340 2092 1400 2116 dien
1411 2099 1503 2116 armen

292 2139 360 2159 man,
379 2139 451 2155 maai*
469 2132 506 2155 zal
525 2132 586 2156 hem
604 2132 664 2156 toch
683 2139 746 2156 cens
764 2139 830 2163 gazin
849 2132 913 2156 zien.
932 2132 1022 2156 Konde
1041 2132 1067 2156 ik
1086 2132 1118 2155 de
1138 2132 1303 2163 fragmenten
1315 2139 1363 2156 van
1381 2132 1505 2163 Polybius

291 2178 364 2194 maai*
382 2171 463 2194 onder
481 2171 512 2194 de
531 2179 612 2202 oogen
635 2171 753 2202 krijgenl
772 2171 801 2195 Ik
821 2178 896 2195 vrecs
915 2171 959 2195 dat
977 2172 1022 2195 het
1042 2171 1096 2195 niet
1116 2171 1250 2202 gelukken
1270 2170 1317 2194 zal.
1336 2171 1376 2202 Hij
1395 2171 1431 2194 let
1442 2178 1504 2201 erop

291 2216 323 2232 en
342 2213 444 2240 regeert
464 2217 514 2241 nog
532 2218 594 2234 over
612 2211 643 2234 de
664 2210 837 2239 Bibliotheek,
856 2214 912 2241 zegt
932 2218 993 2234 nien
1012 2211 1066 2242 mij.
1085 2210 1113 2233 Ik
1133 2211 1191 2241 geel
1210 2210 1271 2233 toch
1291 2210 1342 2234 den
1362 2211 1435 2234 moed
1454 2217 1505 2241 nog

291 2249 344 2272 niet
373 2250 510 2273 volkomen
535 2257 567 2280 op
593 2257 625 2273 en
653 2250 720 2280 hoop
747 2250 834 2274 steeds
860 2250 903 2273 dat
932 2250 957 2273 ik
982 2250 1027 2273 het
1046 2252 1099 2273 met
1118 2250 1200 2281 mijne
1228 2249 1426 2273 bonhomie
1454 2257 1504 2280 nog

292 2288 339 2311 wel
360 2288 450 2312 klaren
471 2289 534 2313 zar'.

325 2327 352 2358 3)
372 2328 433 2351 Data
453 2331 491 2352 est
510 2329 534 2352 d.
553 2328 585 2352 19
603 2336 637 2352 m.
657 2328 728 2359 Sept.
747 2336 768 2352 a.
788 2328 861 2359 1829,
879 2331 1030 2352 asservatur
1050 2329 1076 2352 in
1097 2328 1257 2352 Bibliotheca
1276 2328 1406 2352 Leidensi.
