1673 2768
884 261 946 290 104

306 352 421 384 Reiske
444 354 566 393 putavit
589 362 630 383 ex
653 352 846 383 editionibus
871 355 926 383 aut
950 352 1052 382 solum
1078 350 1158 389 αὐτῷ
1180 352 1348 383 delendum
1375 363 1444 384 esse
1464 357 1519 384 aut

309 419 372 439 una
402 419 475 439 cum
500 420 598 446 mxx.
623 408 723 445 Quam
750 409 916 439 lectionem
943 409 1011 439 sine
1034 407 1123 445 τάχκ
1147 408 1262 439 habent
1286 408 1370 448 Geel,
1395 409 1519 450 Emper,

308 465 354 496 De
379 466 502 497 Arnim.
539 465 614 495 Geel
650 465 865 505 perturbatam
900 465 1065 495 lectionem
1091 465 1149 494 hoc
1174 465 1265 495 modo
1291 466 1443 506 explicat:
1473 468 1519 505 „si

308 521 331 551 C
348 519 374 561 ¹)
409 524 438 552 et
474 521 505 551 M
540 531 601 551 non
629 525 771 552 carerent
796 521 900 552 verbis
925 520 1040 558 Ἀνύτῳ
1064 519 1165 558 τάχα,
1191 524 1295 552 tamen
1321 522 1413 552 obvia
1437 526 1518 553 esset

307 579 456 618 suspicio,
487 579 519 608 in
553 578 600 608 his
625 578 720 608 latere
745 578 865 608 librarii
891 578 1134 608 correctionem:
1162 579 1216 618 qui
1242 588 1339 618 quum
1367 579 1517 619 scriptum

308 635 458 674 reperiret
492 634 565 664 ἀλλ’
603 634 680 672 xxia-41>
714 633 768 671 μὲν
792 634 955 664 annotavit
979 632 1070 671 wlxx
1094 632 1209 672 Ἀνύτῳ
1233 633 1317 675 (scil.
1342 645 1397 675 pro
1421 634 1520 677 κὺτῷ)

308 701 370 721 non
408 691 552 731 imperite
575 690 627 720 ille
652 691 841 720 coniiciens:
869 700 940 720 nam
968 693 997 720 et
1020 690 1121 720 facilis
1146 690 1289 721 confusio
1314 694 1360 722 est
1384 691 1520 722 vocabu-

308 747 410 777 lorum
442 745 571 780 ’Ἄνυτος
603 750 632 776 et
656 745 755 780 αὐτός,
782 749 812 776 et
837 749 1014 787 permutata
1039 751 1122 785 sunt,
1148 756 1196 777 ex.
1223 757 1270 788 gr.
1294 748 1325 777 in
1349 747 1520 779 Themistio

309 814 338 843 p.
363 804 454 833 2390.
480 802 566 833 Haec
589 803 687 843 igitur
711 813 812 842 quum
840 804 1050 843 irrepsissent,
1075 806 1198 834 textum
1224 803 1401 834 turbarunt.
1427 804 1520 835 Nunc

310 859 394 890 haud
419 859 514 890 dubie
540 859 760 890 scribendum:
786 859 880 889 Ἀλλ’
905 858 1019 897 Ἀνύτῳ
1045 859 1191 896 μὲν...”.

352 916 426 946 Alia
451 916 547 946 huius
572 916 640 946 viae
664 925 699 945 ac
723 916 854 946 rationis
878 916 1023 956 exempla
1047 916 1128 946 infra
1152 917 1234 947 inter
1255 916 1354 947 Geelii
1374 917 1520 948 emenda-

309 974 410 1003 tiones
436 982 506 1003 sum
531 972 742 1012 praebiturus.

357 1085 375 1124 §
401 1086 428 1115 3.
462 1084 499 1114 In
532 1085 637 1115 animo
663 1085 746 1115 enim
772 1083 870 1114 habeo
895 1085 983 1124 prius
1008 1084 1223 1115 demonstrare
1247 1084 1389 1115 Geelium
1416 1094 1522 1125 saepe-

312 1150 449 1172 numero
485 1141 533 1180 iis,
570 1150 650 1181 quae
674 1141 712 1171 ab
737 1141 956 1171 emendatione
981 1140 1171 1181 postulanda
1196 1144 1279 1178 sunt,
1306 1150 1368 1171 non
1394 1150 1520 1181 respon—

309 1198 404 1238 disse,
437 1207 510 1228 nam
550 1200 633 1236 „met
657 1197 780 1228 minder
804 1197 864 1227 dan
891 1197 966 1227 deze
990 1197 1197 1238 drievoudige
1221 1197 1388 1237 evidentie,
1412 1197 1465 1228 dat
1489 1207 1522 1228 er

308 1263 384 1285 eene
419 1253 488 1284 fout
524 1254 561 1294 is,
599 1254 651 1284 dat
687 1254 725 1284 de
761 1254 977 1294 voorgestelde
1009 1253 1208 1294 verbetering
1244 1254 1302 1285 den
1325 1254 1444 1294 juisten
1470 1255 1521 1284 zin

310 1310 453 1351 aangeeft
489 1319 526 1340 en
560 1311 612 1340 dat
643 1311 678 1350 zij
705 1311 756 1340 het
779 1313 924 1341 ontstaan
951 1320 1010 1340 van
1036 1311 1073 1341 de
1096 1310 1165 1341 fout
1189 1311 1427 1351 ongedwongen
1454 1320 1522 1341 ver·

308 1367 418 1406 klaart,
442 1367 502 1397 kan
528 1376 627 1407 geene
651 1367 837 1406 conjectuur
861 1367 898 1397 de
923 1367 1122 1407 wetenschap
1147 1366 1282 1397 dienen’'
1298 1365 1333 1407 2).
1356 1366 1426 1397 Non
1442 1377 1520 1398 sem-

309 1433 364 1464 per
389 1424 501 1453 vitium
529 1422 729 1453 manifestum
755 1423 825 1462 fuit,
849 1426 1016 1463 antequam
1043 1424 1257 1454 coniecturam
1283 1424 1424 1454 tentavit.

353 1479 454 1516 Quam
492 1489 593 1520 saepe,
619 1479 696 1519 quid
720 1479 794 1510 ferri
820 1481 928 1520 possit,
952 1479 1028 1520 quid
1054 1489 1128 1519 non,
1153 1480 1184 1509 in
1210 1480 1358 1520 opinione
1382 1480 1520 1520 positum

309 1537 357 1575 sit,
393 1536 562 1566 identidem
598 1537 665 1576 ipse
697 1536 854 1576 significat
879 1539 908 1566 et
933 1537 964 1566 in
990 1535 1157 1576 Olympico
1182 1535 1288 1577 (velut
1312 1536 1351 1566 ad
1376 1546 1405 1577 p.
1434 1537 1522 1575 1270,

313 1594 401 1631 1280,
436 1592 534 1632 6280)
571 1596 601 1623 et
636 1593 668 1622 in
706 1593 804 1623 literis
841 1593 879 1622 ad
911 1592 1116 1623 Karstenium
1142 1593 1180 1623 de
1204 1592 1361 1633 Olympici
1386 1593 1523 1623 editione

309 1649 389 1679 datis
404 1648 440 1690 8),
476 1649 531 1679 ubi
567 1649 643 1680 haec
674 1649 826 1689 legimus:
864 1648 945 1688 „Dat
968 1650 1006 1689 gij
1034 1650 1125 1689 mijne
1150 1650 1300 1680 correctie
1324 1648 1523 1688 εὐφωνστέρκν

309 1704 428 1747 (19311)
456 1705 676 1746 tegenspreekt
702 1706 785 1736 heeft
809 1707 858 1745 mij
885 1706 964 1736 doen
991 1706 1130 1746 lagchen.
1155 1705 1224 1736 Van
1250 1705 1378 1746 Lennep
1402 1706 1526 1737 schreef

310 1763 370 1802 mij,
405 1762 457 1792 dat
488 1762 539 1793 het
566 1762 730 1803 vulgatum
755 1761 959 1803 (σεφωτέρκν)
984 1762 1127 1802 kostelijk
1153 1763 1184 1792 in
1210 1763 1285 1793 orde
1310 1772 1382 1801 was,
1407 1772 1446 1793 en
1471 1763 1524 1793 dat

310 1819 354 1849 dit
379 1819 426 1849 uit
451 1820 501 1849 het
526 1819 613 1849 heele
639 1819 778 1862 verband
804 1819 900 1859 blijkt,
926 1829 963 1850 en
988 1820 1038 1859 gij
1065 1820 1131 1849 wilt
1157 1819 1208 1849 het
1233 1819 1340 1850 woord
1365 1819 1423 1850 ook
1445 1820 1522 1850 hou-

310 1875 380 1916 den,
417 1885 504 1906 maar
539 1876 571 1905 in
604 1876 641 1906 de
674 1875 864 1915 beteekenis,
896 1876 946 1906 die
977 1876 1009 1905 ik
1041 1885 1100 1906 aan
1126 1874 1354 1917 εὐφων(οτέροιν)
1379 1876 1471 1907 hecht
1485 1876 1522 1918 ⁴).

309 2011 364 2034 1000
390 2011 506 2034 codicem
533 2010 550 2034 C
577 2010 683 2034 omnino
711 2010 834 2041 neglexit,
861 2018 1022 2041 quamquam
1042 2010 1124 2034 oratio
1143 2010 1192 2034 LV.
1213 2018 1265 2034 non
1284 2014 1323 2034 est
1342 2011 1368 2035 in
1388 2011 1475 2035 codice
1495 2012 1522 2043 P,

310 2050 353 2074 sed
381 2050 406 2073 in
435 2050 464 2073 P·
492 2050 536 2080 (cf.
563 2049 649 2080 Sonuy
669 2050 703 2073 l.l.
723 2057 746 2080 p.
765 2049 818 2077 30).
837 2049 898 2073 Geel
918 2053 944 2073 et
964 2050 1060 2080 Emper
1078 2050 1193 2073 codicem
1215 2050 1232 2073 C
1251 2051 1361 2074 eandem
1381 2051 1521 2075 lectionem

310 2090 433 2120 praebere
460 2092 539 2120 atque
568 2089 653 2113 BMU
680 2089 802 2113 arbitrati
829 2092 900 2113 suut.
926 2089 1013 2120 Sonny
1033 2092 1122 2113 autem
1142 2090 1248 2113 exhibet
1267 2090 1324 2113 ἀλλ’
1344 2090 1435 2119 Ἀνύτῳ
1452 2095 1522 2120 τάχα

309 2128 373 2157 αὐτῷ
389 2129 440 2160 μὲν,
457 2129 526 2159 quod
545 2129 614 2152 idem
633 2131 672 2152 est
691 2128 718 2152 in
736 2129 904 2152 editionibus.

342 2167 368 2196 2)
387 2168 407 2192 J.
427 2168 538 2198 Woltjer
556 2168 763 2199 „Overlevering
781 2175 814 2192 en
834 2168 953 2192 Kritiek⁰
974 2176 998 2198 p.
1018 2167 1057 2191 36.

344 2206 370 2235 3)
391 2208 469 2231 Datae
488 2211 549 2231 sunt
568 2207 593 2231 d.
611 2207 642 2230 28
662 2215 745 2231 mens.
762 2208 816 2231 Ian.
836 2216 857 2231 a.
881 2208 956 2237 1341;
976 2210 1146 2231 asservantur
1166 2208 1192 2231 in
1214 2208 1373 2232 Bibliotheca
1392 2209 1522 2234 Leidensi.

344 2245 370 2276 4)
389 2245 461 2269 Stich
488 2247 573 2278 (diar.,
599 2247 641 2270 cui
669 2254 765 2270 nomen
794 2247 986 2278 „Philologus-'2
1014 2255 1036 2270 a.
1064 2246 1128 2270 1890
1155 2247 1204 2271 vol.
1222 2247 1265 2272 111.
1289 2255 1312 2278 p.
1332 2247 1392 2279 456)
1410 2248 1522 2272 coniecit

312 2293 460 2314 σεμνοτερκν.
