1673 2768
700 314 739 343 51

158 407 273 438 Contra
307 406 536 446 Reyndersiil)
574 407 742 437 editionem
780 406 922 436 Platonis
958 406 1116 446 Symposii
1152 407 1184 435 in
1218 406 1326 436 eodcm

114 464 276 495 volumine
300 463 506 505 improbavit:
536 466 692 504 „apparet,
716 464 831 503 inquit,
856 463 888 493 in
914 462 1043 493 Editore
1063 462 1236 502 probabilis
1258 462 1327 492 Pla—

113 522 197 551 tonis
232 523 262 551 et
297 520 531 551 Socraticorum
569 521 718 561 cognitio,
752 520 806 550 sed
843 529 906 549 non
940 529 1040 559 pauca
1072 519 1164 550 video
1190 519 1239 549 vel
1265 528 1328 548 non

114 578 189 608 satis
227 577 394 618 diligenter
429 577 659 617 administrata,
696 576 745 607 vel
781 577 905 615 omissa,
938 576 986 606 vel
1015 585 1070 615 per
1094 575 1327 606 festinationem

113 633 235 665 errata'’
251 632 282 672 2).
307 633 394 664 Haec
419 635 589 674 praecipua
611 636 693 672 sunt,
715 642 796 674 quae
808 632 1005 672 Reyndersio
1019 631 1130 662 obicit:
1147 632 1327 672 neglexisse

115 700 186 721 eum
214 691 432 731 quaestionem
458 690 496 721 de
522 700 596 721 vera
609 690 716 720 indole
729 689 888 730 Symposii
902 689 1057 719 Platonici
1073 686 1112 727 3),
1128 688 1326 719 Bekkeriano

115 749 204 778 textu
228 750 374 778 exstante
398 746 648 787 Stephanianum
674 749 796 777 textum
822 755 894 776 eum
921 748 1065 776 secutum
1080 754 1234 785 esse,quo
1248 745 1329 775 facto

115 804 153 835 de
187 804 297 834 multis
324 803 421 834 rebus
445 812 680 844 supervacaneo
706 803 916 843 disputaverit
929 801 968 840 4);
994 812 1058 832 non
1084 804 1167 832 recte
1192 801 1330 841 denique

115 863 302 900 pertractata
339 859 518 898 arbitratur,
555 859 693 900 „quibus
717 859 837 899 aliquid
864 858 966 897 de(si)t
991 858 1029 888 ad
1053 858 1241 888 concinnam
1267 857 1328 888 dis-

115 917 289 958 putationis
313 915 548 957 integritatem'’
563 915 594 954 ⁵).

158 974 209 1004 Ex
233 973 373 1004 Liskovii
397 973 477 1004 libro
503 973 541 1003 de
566 972 830 1003 Pronuntiatione
855 975 885 1002 et
909 972 1053 1003 Accentu
1079 971 1206 1002 Graecis
1220 970 1242 1009 6)
1267 981 1330 1001 non

116 1031 253 1061 multum
290 1030 370 1060 lucri
404 1030 504 1070 accipi
539 1031 644 1069 putat:
681 1038 758 1067 „nec
790 1028 876 1058 aliud
900 1029 1006 1058 —ita
1030 1028 1113 1058 enim
1139 1027 1265 1067 scripsit
1288 1045 1330 1048 —

116 1088 191 1118 vicit
227 1087 369 1118 Liskovii
405 1086 587 1126 disputatio,
619 1086 680 1115 nisi
706 1085 791 1126 quod
816 1086 921 1115 sciunt
945 1086 1000 1125 qui
1024 1085 1055 1114 in
1082 1085 1130 1115 his
1155 1086 1332 1122 versantur,

117 1147 266 1175 accentus
301 1153 431 1184 graecos
463 1143 570 1174 nescio
596 1152 690 1182 quam
717 1141 830 1172 habere
855 1144 1048 1182 potestatem,
1073 1150 1249 1181 eorumque
1273 1149 1331 1180 ope

116 1201 258 1240 indicari,
294 1210 375 1241 quae
406 1199 528 1239 syllaba
552 1199 661 1230 altiore
687 1208 771 1237 voce,
796 1207 877 1239 quae
900 1198 1095 1238 depressiore
1119 1208 1137 1228 a
1160 1197 1331 1228 Veteribus

117 1258 284 1288 enunciata
319 1258 367 1288 sit.
398 1256 468 1287 Hoc
492 1257 589 1297 igitur
614 1255 789 1294 observent,
813 1256 869 1295 qui
893 1255 1058 1294 hodieque,
1083 1256 1233 1284 accentus
1258 1263 1330 1284 cum

117 1314 312 1354 syllabarum
345 1314 521 1354 quantitate
548 1312 781 1351 confundendo,
814 1312 1044 1352 pulcherrimae
1068 1311 1197 1351 linguae
1221 1320 1331 1341 nume-

117 1381 188 1403 rum
225 1371 382 1412 poeticum
416 1369 584 1401 obscurare
619 1368 775 1410 pergunt’'
791 1366 821 1407 ⁷).
857 1368 943 1398 Nihil
968 1368 1028 1399 sub
1053 1368 1118 1398 sole
1144 1377 1273 1407 novum,
1298 1370 1332 1398 ut

118 1431 165 1459 est
198 1429 231 1458 in
267 1426 443 1468 proverbio.
476 1426 551 1457 Geel
583 1426 611 1456 si
635 1435 722 1456 nunc
747 1426 877 1464 viveret,
901 1424 992 1455 valde
1016 1424 1198 1454 abhorreret
1221 1423 1259 1454 ab
1284 1425 1333 1463 iis,

118 1486 173 1526 qui
208 1487 359 1515 accentus
395 1483 531 1514 Graecos
567 1482 718 1513 delendos
753 1491 822 1512 esse
857 1481 1001 1511 clamant.
1036 1480 1096 1512 Sed
1134 1480 1229 1511 verba
1264 1481 1332 1511 eius

118 1543 234 1582 scripta
258 1541 362 1571 adhuc
387 1543 515 1571 manent
528 1538 561 1577 8),

153 1670 180 1699 1)
198 1669 313 1694 Platonis
333 1668 510 1700 Symposium,
527 1667 557 1690 ad
577 1667 737 1697 optimorum
755 1666 882 1689 librorum
903 1665 980 1689 fldem
1000 1665 1088 1694 edidit,
1102 1669 1180 1695 atque
1191 1665 1334 1689 interiectis

119 1710 148 1734 D.
167 1708 359 1741 Wyttenbachii
384 1707 668 1737 animadversionibus,
685 1706 849 1729 adnotatione
869 1705 990 1728 instruxit
1011 1705 1037 1728 P.
1058 1705 1086 1728 A.
1108 1705 1250 1735 Reynders,
1269 1706 1333 1729 Gro-

119 1749 214 1780 ningae
233 1756 254 1772 a.
273 1747 346 1772 1825.

152 1788 178 1818 2)
198 1788 232 1812 l.l.
252 1795 276 1818 p.
295 1786 351 1811 266.

151 1827 178 1858 3)
196 1827 233 1851 Cf.
253 1827 286 1851 l.1.
305 1835 328 1858 p.
347 1825 403 1850 268,

152 1867 178 1897 4)
196 1867 234 1891 Cf.
253 1867 288 1890 l.l.
307 1874 331 1896 p.
349 1865 405 1889 269.

151 1906 178 1937 5)
196 1907 231 1930 l.l.
251 1913 275 1936 p.
293 1904 350 1929 269.

151 1945 179 1975 6)
196 1945 282 1970 Ueber
308 1945 349 1968 die
378 1943 544 1974 Aussprache
572 1943 617 1966 des
644 1942 842 1971 Griechischen,
869 1941 921 1965 und
952 1941 1016 1964 uber
1044 1941 1084 1964 die
1114 1941 1266 1972 Bedeutung
1287 1941 1333 1964 der

119 1985 302 2017 griechischen
329 1983 450 2008 Accente.
469 1982 548 2006 Nebst
567 1982 654 2005 einem
675 1981 802 2012 Anhange
821 1981 887 2004 iiber
905 1981 947 2004 die
966 1980 1148 2004 Lateinischen
1168 1981 1297 2004 Aceente.
1312 2000 1333 2004 ..

120 2032 169 2048 von
189 2024 232 2048 Dr.
250 2024 279 2047 K.
298 2023 325 2047 F.
344 2022 368 2047 S.
387 2022 535 2052 Liskovius,
553 2022 655 2052 Lipsiae
675 2029 697 2045 a.
715 2020 787 2044 1825.

152 2063 179 2093 7>
196 2064 231 2088 l.l.
250 2071 274 2094 p.
288 2062 345 2086 285.

153 2103 180 2133 8)
198 2103 240 2132 lis,
267 2102 311 2133 qui
339 2102 462 2131 diarium,
489 2101 531 2125 cui
558 2108 654 2124 nomen
673 2103 707 2123 est
731 2100 777 2130 „de
797 2099 883 2127 Gids'}
903 2099 1034 2122 edendum
1053 2098 1188 2127 curabant,
1206 2099 1229 2122 d.
1248 2098 1279 2122 16
1299 2106 1332 2122 m,

121 2143 182 2167 Maii
208 2150 230 2166 a.
258 2141 322 2165 1838
340 2141 459 2172 scripsit:
479 2141 524 2172 „Ik
544 2140 594 2164 heb
612 2147 661 2163 een
681 2143 751 2170 groot
771 2139 842 2162 zwak
864 2146 925 2162 voor
943 2141 1040 2161 correct
1061 2138 1206 2161 Grieksch:
1224 2146 1266 2161 om
1285 2145 1333 2161 een

121 2181 248 2206 verkeerd
276 2184 365 2205 accent
392 2188 439 2204 zou
468 2180 493 2204 ik
522 2180 577 2203 ziek
607 2179 716 2202 kunnen
744 2178 873 2201 wordeu'.
900 2177 1025 2208 (Epistula
1054 2178 1117 2200 haec
1135 2181 1285 2201 asservatur
1306 2178 1332 2201 in

123 2221 281 2246 Bibliotheca
300 2219 555 2249 Amstelodamensi.)

154 2260 184 2284 In
211 2260 261 2284 alia
289 2260 346 2284 eius
375 2259 517 2291 „censura”
542 2259 569 2282 in
594 2258 685 2287 diario,
703 2258 746 2281 cui
765 2264 861 2280 nomen
882 2257 929 2286 „de
948 2256 1035 2285 Gids‘g
1053 2263 1074 2279 a.
1093 2255 1158 2279 1839
1177 2263 1199 2286 p.
1218 2255 1249 2279 37
1269 2256 1332 2279 haec

122 2301 251 2331 legimus:
276 2300 339 2331 „Het
359 2299 462 2330 schijnt,
481 2299 524 2322 dat
542 2305 571 2322 er
589 2305 650 2321 voor
668 2297 719 2320 den
738 2297 807 2320 Heer
826 2296 901 2319 Sterk
921 2295 1139 2327 typographische
1157 2295 1271 2319 redenen
1292 2295 1335 2318 he-

122 2343 195 2363 staan
222 2339 334 2368 hebben,
359 2346 402 2362 om
428 2338 460 2361 de
479 2337 622 2362 Grieksclie
641 2336 816 2366 aanhalingen
835 2335 930 2359 zonder
947 2338 1071 2358 accenten
1090 2338 1114 2358 te
1132 2334 1263 2358 drukken.
1283 2334 1333 2365 Wij
