1673 2768
707 309 748 339 29

164 401 309 432 Alterum
347 404 569 442 argumentum
611 401 738 442 praebet
769 401 830 432 Dio
863 402 1109 442 Chrysostomus
1142 404 1194 434 ille
1229 403 1335 435 Xeno-

119 458 247 498 phontis
282 458 548 498 studiosissimus,
584 459 640 499 qui
671 460 704 489 in
737 459 879 489 oratione
910 460 943 489 in
968 459 1095 490 laudem
1121 459 1338 491 Melancomae

119 513 225 544 habita
248 516 303 552 (or.
329 513 483 553 XXVII),
508 514 563 544 ubi
590 514 726 545 Socratis
751 515 790 545 ad
815 514 1050 555 Hermogenem
1077 515 1173 546 verba
1198 516 1337 547 aemula-

118 573 180 609 tur,
212 570 289 600 haec
321 571 464 611 scripsit:
491 570 608 608 ἀνάγκη
635 570 692 609 73⁴?
717 571 798 609 χύτςῖ·
825 569 856 605 ἦν
881 571 1066 609 προβχίνεντι
1091 571 1155 602 ἀντὶ
1181 572 1234 609 μὲν
1259 579 1336 602 και).-

119 625 221 656 λίστσυ
256 626 435 665 κῖσχρετέρῳ
472 626 637 664 γίγνεσθκι.
671 626 796 664 Quibus
833 627 937 658 verbis
975 637 1036 658 non
1075 628 1128 658 illa
1163 637 1203 658 ex
1236 629 1338 669 capite

118 686 229 713 octavo
265 682 395 714 Memor.
427 683 574 724 exemplo
597 683 698 714 fuisse
730 686 820 724 putat
844 683 936 715 Geel:
963 684 986 714 εἰ
1010 683 1041 714 δὲ
1067 684 1216 721 §isba-suxi
1244 684 1335 715 πλείω

120 738 228 777 χρόνω,
261 738 328 774 ἴσως
352 739 517 777 Ξενκγκκῖεν
553 739 636 770 ἔστκι
673 758 712 762 --
745 739 809 778 5927
842 752 876 770 τε
907 740 956 771 xx)
981 740 1097 771 ἀκούειν
1122 739 1210 776 ἧττςν
1231 749 1335 775 κ..-.)..,

119 805 228 826 verum
251 796 327 827 haec
347 797 453 837 potius
473 796 665 837 Apologiae:
688 796 710 826 εἰ
732 795 775 826 ἔτι
803 808 826 826 π
839 808 852 835 ρ
866 808 878 827 ο
892 796 914 834 β
928 797 943 831 'A
958 809 1001 827 σε
1014 808 1086 827 fxi
1113 798 1128 833 ἡ
1151 797 1261 832 ἡλικίαι,
1282 795 1336 828 εἶδ’

117 851 161 882 ἔτι
186 852 356 889 ἀνάγκη
383 851 466 882 ἔσται
493 871 534 875 -
558 852 622 891 ὁρᾶν
648 864 681 883 τε
707 856 803 891 istst-'⁵⁷
830 860 922 883 κ.τ.)..
942 852 976 891 ¹).

162 907 363 949 Quamquam
390 918 453 939 non
480 909 612 948 dubitat,
638 910 716 949 quin
743 909 780 940 de
801 910 998 950 argumentis
1019 911 1191 951 utriusque
1210 912 1337 951 generis

119 965 250 996 uberius
286 965 442 1006 disputari
478 966 588 1006 possit,
622 966 699 996 satis
735 968 839 996 tamen
875 966 1127 997 demonstratum
1164 966 1338 998 arbitratur

117 1025 312 1063 postremum
339 1021 594 1053 Memorabilium
620 1025 717 1063 caput
736 1033 753 1053 a
774 1022 989 1063 Xenophonte
1002 1024 1155 1064 scriptum
1170 1033 1234 1054 non
1249 1033 1335 1062 esse,

120 1088 204 1120 „quo
238 1079 325 1110 velut
354 1082 515 1119 amputato
540 1088 634 1119 aegro
659 1079 812 1118 membro,
838 1079 956 1110 vulnus
981 1080 1025 1119 fit,
1050 1081 1142 1121 isque
1165 1080 1238 1111 libri
1262 1080 1336 1112 finis

116 1138 173 1175 est,
198 1136 253 1176 qui
277 1145 295 1165 a
319 1135 554 1166 consuetudine
579 1135 803 1176 Xenophontis
824 1136 918 1176 longe
937 1135 1126 1167 abhorreat”
1143 1135 1173 1175 2).
1187 1136 1235 1167 Ita
1249 1138 1332 1167 enim

115 1192 257 1223 haereret
281 1192 316 1231 is,
342 1192 398 1232 qui
422 1191 548 1232 legeret,
573 1192 706 1232 plurane
731 1192 945 1233 exspectanda
969 1195 1075 1223 essent
1099 1202 1207 1224 necne.

159 1248 292 1279 Accedit
325 1248 410 1289 quod
442 1249 475 1278 in
508 1248 561 1279 illo
593 1248 684 1287 libro,
717 1249 772 1289 qui
804 1250 973 1290 praecipua
996 1249 1079 1280 facta
1103 1249 1252 1290 dictaque
1276 1249 1330 1280 So-

113 1305 207 1336 cratis
240 1305 469 1346 complectitur,
502 1306 641 1336 omissus
673 1314 742 1336 esse
774 1315 837 1336 non
870 1308 973 1346 potest
997 1305 1129 1337 ultimus
1154 1306 1208 1337 ille
1233 1307 1333 1347 philo-

114 1361 205 1402 sophi
229 1371 342 1393 sermo.

158 1417 246 1454 Quae
281 1421 387 1449 autem
424 1418 647 1449 desiderentur
682 1419 715 1448 in
750 1418 814 1449 fine
846 1417 1112 1459 Memorabilium,
1144 1428 1180 1450 ea
1204 1420 1273 1460 ipsa
1297 1420 1329 1449 in

115 1475 271 1515 Apologia
306 1475 444 1505 inveniri
481 1474 557 1505 Geel
594 1475 741 1514 ostendit,
772 1475 865 1505 cuius
897 1478 928 1505 et
951 1476 1080 1506 initium
1106 1478 1135 1506 et
1160 1475 1234 1506 finis
1259 1486 1330 1506 cum

113 1532 234 1571 ceteris,
259 1540 341 1572 quae
364 1531 547 1572 Xenophon
569 1531 607 1562 de
621 1532 771 1572 magistro
786 1541 844 1562 suo
857 1531 987 1571 rettulit,
1001 1532 1118 1572 optime
1132 1533 1332 1563 conveniant.

159 1587 229 1618 Hoc
253 1588 351 1628 igitur
376 1588 506 1619 molitur
530 1587 615 1628 Geel,
642 1591 706 1627 „ut,
731 1597 825 1629 quem
852 1588 956 1619 locum
982 1588 1095 1619 ultimo
1123 1588 1155 1618 M
1170 1598 1229 1620 em
1244 1598 1333 1619 ora-

115 1644 281 1675 bilium
317 1645 411 1685 capiti
443 1645 547 1683 cessit,
581 1645 718 1676 eundem
743 1648 864 1686 repetat
888 1645 1083 1686 postliminio
1108 1645 1246 1685 libellus,
1278 1646 1332 1686 qui

114 1711 187 1731 cum
223 1701 486 1742 Apologiae
517 1701 610 1732 titulo
635 1702 803 1742 separatim
829 1701 955 1732 editur'’
972 1700 1004 1739 ³).
1031 1700 1131 1738 Quem
1152 1701 1294 1732 libellum
1316 1712 1333 1732 a

114 1757 374 1789 Memorabilibus
399 1761 578 1798 separatum
604 1767 673 1789 esse
698 1759 880 1799 suspicatur
903 1768 940 1789 eo
965 1761 1116 1799 tempore,
1137 1768 1200 1799 quo
1215 1758 1333 1789 multae

113 1814 296 1845 ferebantur
330 1815 506 1855 Apologiae
537 1814 686 1855 Socratis,
710 1815 789 1846 aliae
811 1814 850 1845 ab
876 1815 946 1846 aliis
971 1816 1116 1856 scriptae,
1147 1818 1176 1846 et
1202 1815 1331 1855 quidem

111 1874 184 1901 ante
208 1870 321 1902 Dionis
346 1870 563 1911 Chrysostomi
585 1874 615 1902 et
637 1871 922 1912 Galenitempora3
936 1872 1112 1912 Apologiae
1126 1872 1209 1902 euim
1224 1871 1332 1902 Xeno—

112 1928 266 1968 phonteae
289 1928 459 1968 separatim
481 1929 617 1969 scriptae
639 1929 822 1959 meminisse
836 1927 1011 1969 Diogenem
1026 1927 1186 1959 Laertium
1200 1927 1258 1967 III,
1273 1929 1330 1966 343

112 1983 152 2024 Π,
177 1984 227 2023 56,
253 1984 303 2024 57,
327 1984 406 2015 alios
420 1987 449 2022 ⁴).
478 1984 600 2025 „Igitur
625 1985 716 2026 lapsu
738 1985 890 2025 temporis
912 1994 928 2015 e
952 1984 1209 2015 Memorabilium
1223 1993 1330 2015 exem-

112 2041 173 2081 plis
197 2041 387 2072 evanuisse‘'
411 2044 501 2082 putat
528 2052 583 2080 „ac
608 2042 729 2073 tamdiu
754 2042 912 2081 exulasse,
936 2041 1036 2072 donec
1062 2042 1183 2072 venerit
1204 2041 1331 2081 aliquis,

148 2212 174 2244 1)
192 2213 228 2236 l.l.
247 2220 270 2243 p.
289 2212 330 2237 23.
347 2213 384 2237 Cf.
403 2213 566 2244 Olympicus,
584 2221 608 2244 p.
626 2212 682 2236 ⁴265.

147 2251 173 2279 2)
193 2252 227 2276 1.l.
247 2260 270 2283 p.
289 2251 329 2277 23.

146 2290 173 2319 3)
192 2292 227 2315 11.
247 2299 269 2322 p.
287 2291 327 2315 25.

148 2330 173 2359 4)
193 2331 227 2354 l.l.
247 2338 271 2361 p.
288 2330 396 2355 29—31.
