1673 2768
511 748 959 788 EPILOGUS.

175 1019 317 1049 Geelium
343 1024 415 1048 ante
436 1020 542 1048 omnia
554 1018 652 1048 fuisse
667 1015 861 1057 philologum
878 1017 1055 1054 classicum,
1068 1024 1338 1056 supervacaneum

132 1074 207 1106 mihi
245 1076 369 1106 videtur
405 1077 517 1105 iterum
555 1075 786 1104 demonstrare:
823 1074 854 1103 in
892 1073 1083 1113 praefatione
1116 1082 1183 1103 mea
1215 1071 1340 1109 Naberi,

132 1131 337 1168 Hamakerae,
363 1131 461 1162 Geelii
486 1132 586 1171 ipsius
610 1131 727 1160 iudicia
751 1130 789 1160 de
814 1130 920 1160 eadem
947 1139 980 1160 re
1004 1130 1065 1159 iam
1091 1129 1192 1159 attuli.

177 1187 375 1228 Quamquam
411 1197 520 1218 eorum
558 1188 731 1218 sententiae
767 1187 896 1216 minime
927 1195 1078 1226 repugno,
1102 1187 1157 1226 qui
1182 1194 1337 1215 summam

132 1245 348 1274 auctoritatem
385 1249 480 1284 atque
513 1244 753 1284 amplitudinem
791 1243 822 1272 in
857 1243 956 1273 literis
991 1243 1100 1282 patriis
1125 1242 1231 1272 Geelio
1256 1243 1341 1272 attri-

134 1301 245 1337 buunt,
269 1306 373 1331 tamen
399 1301 554 1331 contendo
579 1300 686 1330 literas
710 1299 781 1330 illas
805 1300 910 1339 potius
934 1299 1031 1329 otium
1054 1308 1089 1328 ac
1103 1298 1341 1329 delectationem

133 1358 159 1388 ei
195 1357 302 1393 fuisse,
338 1367 409 1387 cum
447 1358 477 1387 in
515 1357 629 1387 studiis
665 1355 907 1386 humanioribus
932 1356 1014 1385 vitae
1038 1364 1114 1385 suae
1139 1354 1343 1385 tabernacula

134 1423 244 1444 revera
280 1414 446 1453 posuisset.
484 1412 553 1449 Qua
588 1423 626 1443 ex
665 1416 751 1453 parte
787 1412 1019 1452 quodammodo
1044 1415 1144 1452 potest
1168 1411 1342 1451 comparari

134 1480 206 1500 cum
233 1470 404 1507 Gourierio,
429 1471 483 1510 qui
509 1469 591 1510 apud
617 1468 839 1509 Francogallos
863 1468 927 1498 fere
951 1468 1091 1508 aequalis
1116 1468 1143 1498 ei
1164 1467 1234 1506 fuit,
1249 1476 1342 1507 quem

135 1530 239 1557 tamen
266 1526 340 1557 Geel
365 1528 397 1556 in
422 1526 572 1564 classicis,
598 1535 678 1565 quae
702 1528 867 1563 vocantur,
891 1524 990 1555 literis
1014 1524 1107 1564 longe
1131 1523 1307 1564 superabat.

180 1582 249 1613 Hoc
273 1586 435 1622 tamquam
462 1592 579 1612 munus
604 1581 663 1611 sibi
689 1581 825 1611 delatum
852 1584 924 1611 ante
944 1581 1053 1611 oculos
1066 1590 1189 1620 semper
1203 1580 1345 1619 habebat,

138 1644 172 1670 ut
208 1644 237 1670 et
272 1640 338 1679 ipse
372 1639 478 1669 literas
514 1639 661 1678 antiquas
686 1638 801 1668 coleret
825 1641 855 1668 et
878 1640 1033 1668 nostrates
1058 1637 1097 1667 ad
1121 1646 1174 1668 eas
1198 1637 1346 1677 colendas

137 1697 297 1727 excitaret.
331 1695 400 1732 Qua
435 1696 467 1725 in
499 1705 532 1726 re
564 1695 681 1725 finibus
713 1696 789 1725 satis
813 1694 928 1734 amplis
952 1695 1147 1734 provinciam
1172 1703 1261 1724 suam
1287 1695 1346 1723 cir-

138 1753 347 1792 cumscripsit.
383 1751 495 1792 Neque
530 1753 622 1790 enim7
659 1756 694 1781 ut
730 1755 838 1791 postea
862 1750 968 1789 Cobet,
993 1751 1051 1780 soli
1074 1750 1139 1781 fere
1162 1751 1220 1780 arti
1245 1760 1346 1790 gram-

138 1809 270 1839 maticae
305 1812 335 1839 et
369 1809 495 1839 criticae
531 1808 657 1838 deditus
693 1811 768 1846 erat,
804 1807 858 1838 sed
893 1808 925 1837 in
963 1810 1028 1837 toto
1053 1807 1213 1837 literarum
1239 1816 1348 1847 campo

138 1865 234 1896 libere
276 1864 520 1906 exspatiabatur.
558 1863 649 1900 Quod
685 1864 902 1894 demonstrant
936 1868 966 1894 et
1001 1864 1069 1894 eius
1105 1863 1348 1903 disputationes,

140 1932 221 1963 quae
256 1923 288 1952 in
325 1921 462 1962 Belgicis
497 1925 664 1952 versantur
700 1921 809 1959 literis,
844 1924 874 1950 et
910 1921 1200 1957 commentationes,
1232 1919 1349 1960 quibus

140 1980 244 2009 varias
279 1978 477 2018 antiquitatis
513 1980 616 2018 partes
651 1977 832 2007 illustravit.
868 1976 937 2007 Hoc
972 1977 1003 2006 in
1040 1986 1172 2007 numero
1203 1977 1350 2008 laudasse

141 2036 315 2067 suffecerit:
355 2035 546 2074 „Historiam
582 2035 722 2064 criticam
758 2033 1007 2074 Sophistarum⁷',
1041 2032 1144 2071 „Over
1175 2034 1233 2064 den
1266 2044 1351 2074 gang

142 2102 202 2123 van
228 2092 280 2123 het
305 2091 481 2122 onderzoek
505 2092 537 2121 in
562 2090 652 2121 Oude
677 2090 902 2121 Geschiedenis
927 2100 954 2129 q.
968 2089 1025 2129 s.''‚
1052 2089 1134 2128 „Het
1159 2089 1285 2130 Blijspel
1312 2090 1349 2130 bij

143 2149 180 2179 de
216 2147 385 2187 Griekeffl,
421 2147 524 2186 „Over
559 2148 611 2178 het
645 2146 835 2187 Delphische
871 2145 1016 2185 Orakel‘'‚
1040 2155 1098 2176 nec
1122 2156 1185 2176 non
1211 2156 1246 2177 ea
1271 2156 1352 2187 quae

142 2205 215 2236 fecit
250 2205 368 2235 iudicia
399 2205 437 2235 de
470 2204 635 2234 Brouweri
662 2203 821 2242 „Histoire
845 2203 883 2233 de
907 2203 937 2233 la
961 2202 1157 2233 Civilisation
1182 2204 1300 2234 morale
1324 2207 1353 2234 et

143 2262 313 2302 religieuse
337 2261 391 2292 des
417 2260 544 2300 Grecs⁷',
568 2260 606 2291 de
630 2259 745 2290 Sterkii
773 2258 876 2299 „Over
900 2259 959 2290 den
984 2258 1096 2290 Schrik
1121 2269 1159 2290 en
1185 2260 1236 2290 het
1249 2259 1353 2291 Mede-
