1673 2768
855 287 892 316 10

307 380 366 411 Sed
393 382 452 410 iam
479 380 645 411 redeamus
671 380 709 410 ad
735 381 804 410 eius
830 380 994 410 editiones.

306 437 480 468 Schedulas
505 436 818 475 Hemsterhusianas,
842 435 968 466 duobus
988 435 1164 466 involucris
1186 435 1339 475 conditas,
1353 446 1370 466 a
1384 435 1482 466 Voor-

262 494 332 532 stio,
366 493 445 523 Bibl.
473 492 790 533 Lugduno-Batavae
814 493 908 533 primi
933 492 1054 522 ordinis
1080 491 1253 532 Praefecto,
1278 491 1338 522 sibi
1363 492 1482 522 indica-

262 552 309 581 tas
328 548 347 588 ¹)
384 553 530 580 accurate
562 559 596 580 se
628 549 847 590 perlustrasse,
872 549 903 579 in
931 549 1072 579 ordinem
1100 549 1267 589 redegisse,
1293 559 1387 589 quam
1415 549 1484 579 dili-

261 607 447 647 gentissime
480 616 552 637 cum
586 606 678 637 editis
703 605 941 636 Hemsterhusii
967 606 1093 646 scriptis
1118 606 1294 636 contulisse
1318 605 1484 646 profitetur

262 664 294 693 in
331 663 525 703 Appendicis
557 662 758 702 praefatione.
795 661 893 700 „Tum
919 671 935 692 e
960 661 1115 692 librorum
1142 661 1349 702 marginibus,
1374 680 1414 684 —-
1440 663 1483 692 ita

263 720 365 759 pergit
401 737 439 740 —
478 720 509 749 in
547 718 666 759 quibus
702 718 755 749 ille
791 719 934 748 omnium
972 718 1225 758 exquisitissima
1261 721 1292 749 et
1327 719 1483 748 concinna

264 777 402 806 maxime
439 776 595 816 scriptura
620 775 771 805 adnotare
796 774 925 814 solebat,
951 784 991 805 ex
1018 775 1066 805 his
1092 775 1191 815 igitur
1215 775 1376 816 descripsi,
1402 784 1483 815 quae

263 833 383 863 utiliter
417 832 468 863 edi
500 842 592 872 posse
625 831 823 862 videbantur.
850 830 890 861 Et
916 831 989 861 hinc
1016 831 1144 872 quidem
1170 832 1268 862 crevit
1293 832 1370 862 satis
1395 832 1483 872 larga

263 889 428 930 suppellex
462 888 776 919 animadversionum
814 888 1048 928 incognitarum
1085 889 1116 918 in
1155 887 1344 927 Lucianum,
1375 887 1481 918 Pollu—

263 955 340 985 cem,
372 946 617 985 Aristophanem
651 948 681 975 et
710 945 788 975 alios
813 945 993 985 scriptores,
1017 944 1055 975 de
1080 944 1209 984 quibus,
1233 947 1263 975 et
1286 945 1421 975 fortasse
1446 944 1484 975 de

262 1002 498 1033 Hemsterhusii
532 1011 660 1042 quoque
692 1001 871 1032 studiorum
897 1004 927 1032 et
952 1001 1125 1032 annotandi
1152 1002 1281 1041 ratione,
1308 1000 1400 1032 nobis
1423 1001 1484 1031 alia

263 1059 426 1089 occasione
451 1059 577 1089 dicendi
602 1058 691 1088 locus
716 1059 775 1088 erit
791 1056 822 1095 2).
846 1057 939 1088 Hanc
963 1060 1068 1088 autem
1094 1057 1296 1098 posthumam
1318 1058 1349 1087 in
1371 1057 1484 1088 Lucia-

264 1125 340 1146 num
357 1114 378 1153 ³)
404 1116 640 1146 annotationem
667 1115 779 1155 collegi
805 1115 917 1155 partim
943 1124 960 1145 e
985 1114 1156 1154 schedulis,
1177 1114 1291 1155 partim
1314 1123 1354 1145 ex
1368 1115 1483 1154 episto-

263 1172 364 1202 larum
391 1172 582 1202 ineditarum
606 1171 803 1212 fragmentis,
828 1172 943 1212 partim
969 1171 1107 1211 denique
1132 1181 1149 1202 e
1170 1170 1369 1211 marginibus
1390 1171 1484 1211 primi

264 1228 438 1259 voluminis
474 1228 607 1259 Luciani
645 1228 701 1259 Ed.
734 1228 763 1258 J.
796 1227 984 1259 Benedicti''
1018 1238 1047 1268 q.
1067 1238 1090 1258 s.
1115 1227 1219 1258 Etiam
1244 1227 1483 1258 Hemsterhusii

265 1285 500 1315 annotationem
526 1285 558 1314 in
585 1284 718 1315 Luciani
743 1284 927 1325 Navigium,
951 1284 1093 1315 iuvenile
1118 1294 1194 1315 sane
1219 1294 1308 1324 opus,
1333 1285 1366 1314 in
1391 1284 1484 1314 cuius

262 1344 368 1372 tamen
396 1340 594 1382 marginibus
619 1345 728 1382 postea
752 1341 910 1382 permulta
930 1340 1155 1372 Hemsterhuis
1168 1343 1379 1381 congesserat,
1392 1341 1484 1371 edere

263 1398 372 1428 nullus
409 1397 573 1428 dubitavit.
608 1397 650 1429 Ut
682 1398 758 1428 haec
782 1401 888 1429 autem
913 1398 943 1428 in
971 1397 1148 1428 Lucianum
1174 1397 1336 1428 annotatio
1361 1406 1484 1437 separa-

263 1456 318 1486 tim
345 1455 483 1494 prodiret
507 1454 626 1485 factum
652 1464 722 1486 esse
747 1455 923 1495 accipimus
948 1454 1055 1485 studio
1081 1454 1395 1485 Luchtmansiorum.

307 1511 389 1542 Raro
425 1512 457 1541 in
494 1512 579 1542 calce
615 1513 803 1552 paginarum
841 1512 909 1552 ipse
943 1511 1019 1542 Geel
1052 1511 1209 1541 nonnulla
1241 1510 1378 1549 addidit3
1405 1520 1429 1541 e.
1455 1521 1483 1551 g.

264 1579 291 1609 p.
317 1569 369 1607 43,
394 1577 433 1599 ex
460 1578 523 1608 qua
547 1570 753 1599 annotatione
777 1571 906 1609 apparet
931 1577 1003 1598 eum
1029 1568 1060 1598 id
1086 1568 1237 1608 temporis
1258 1566 1371 1598 Dionis
1386 1567 1484 1606 Chry-

264 1626 395 1655 sostomi
431 1624 524 1661 κόμης
556 1625 713 1662 ἐγκώμιον,
740 1625 778 1656 de
803 1635 867 1666 quo
891 1627 999 1665 postea
1023 1627 1153 1655 acturus
1179 1634 1249 1655 sum
1266 1623 1298 1663 ⁴),
1322 1633 1377 1664 pro
1401 1623 1483 1664 frag-

264 1684 370 1712 mento
395 1681 552 1712 habuisse.

264 1835 306 1858 cui
338 1842 434 1858 nomen
461 1838 500 1858 esi
531 1835 602 1865 ‚,Alg.
630 1836 724 1858 Konst-
744 1843 775 1858 en
798 1834 977 1863 Letterbode’',
997 1843 1018 1858 a.
1038 1834 1112 1863 1890,
1133 1837 1198 1865 part.
1218 1834 1247 1858 ll.
1266 1841 1289 1864 p.
1308 1831 1440 1856 293-296
1458 1835 1483 1856 et

265 1882 288 1905 p.
307 1873 448 1897 thu-319.

298 1914 326 1937 Α.
345 1913 408 1937 1827
429 1914 454 1937 in
474 1914 565 1937 eodeni
582 1914 664 1937 diario
687 1915 766 1944 (part.
787 1915 816 1938 ΙΙ.
839 1922 863 1944 p.
882 1913 1027 1941 330—334)
1047 1913 1107 1937 Geel
1129 1913 1233 1936 rettulit
1253 1913 1284 1935 de
1303 1912 1369 1935 libro
1385 1911 1483 1936 a.18‘27

264 1953 386 1984 Lugduni
414 1953 468 1977 But,
496 1961 509 1976 a
538 1954 573 1977 De
601 1954 684 1977 Crane
713 1954 791 1983 edito,
810 1954 853 1977 cui
873 1953 969 1977 titulus
988 1955 1041 1976 cst:
1063 1952 1303 1983 „Bijzonderlieden
1323 1951 1354 1974 de
1375 1951 1484 1975 Familie

266 1993 450 2016 Heinsterhuis
471 1993 659 2017 betrell'endc''.
679 1993 749 2017 Niliil
772 1994 825 2017 sere
846 1993 905 2017 novi
926 1995 1013 2016 tamon
1032 1993 1117 2016 inesse
1138 1994 1222 2022 putat.

299 2032 324 2061 1)
342 2032 379 2056 Cf.
399 2032 495 2056 Anecd.
517 2033 599 2056 l’racl‘.
619 2040 642 2063 p.
662 2033 703 2057 Vl.

297 2071 324 2103 ⁴2)
343 2072 426 2102 Supra
459 2072 510 2095 iani
546 2072 660 2096 vidimus
693 2080 755 2096 euin
783 2072 807 2095 id
837 2079 888 2096 uno
915 2079 985 2095 anno
1014 2074 1070 2102 post
1098 2071 1124 2094 in
1153 2071 1349 2094 Anecdotoruni
1378 2070 1482 2093 Praefa-

266 2112 335 2135 tione
357 2111 456 2134 secisse.

297 2152 324 2181 3)
344 2150 424 2181 „Cum
446 2151 561 2181 primuni
580 2154 653 2181 (suus
673 2152 746 2181 opes)
766 2152 791 2175 in
812 2150 1087 2175 :inim-‘idversionibus
1107 2150 1137 2173 ad
1158 2149 1304 2173 Lucianum
1323 2149 1485 2179 protulisset,

265 2190 385 2213 homines
412 2190 529 2213 eruditos
557 2190 583 2213 in
608 2192 744 2220 stuporem
770 2194 795 2214 et
814 2190 1017 2214 admirationem
1038 2190 1125 2220 rapuit
1147 2189 1206 2217 (ΙΝ,
1224 2189 1409 2219 expressitque
1428 2195 1484 2211 om-

264 2229 342 2253 nibus
360 2229 552 2252 consessionem
574 2230 648 2257 lianc,
669 2232 697 2253 ut
717 2231 845 2261 (licerent,
865 2230 931 2253 nihil
952 2230 1038 2253 simile
1058 2229 1138 2252 ullam
1155 2231 1268 2252 aetatem
1290 2228 1315 2251 in
1327 2228 1375 2251 lioc
1387 2234 1484 2258 genere

265 2269 377 2293 vidisse''
396 2269 527 2299 (lilogium
547 2269 601 2293 Til).
621 2270 825 2301 Hemsterliusii,
843 2272 951 2293 auctore
975 2269 1001 2292 D.
1023 2268 1205 2297 Ruhnkeniffl,
1224 2275 1247 2298 p.
1267 2267 1319 2296 49).

299 2309 326 2339 4)
344 2308 381 2332 Cf.
401 2307 486 2332 Sectio
507 2308 537 2333 II.
