<?xml version="1.0" encoding="UTF-8"?>
<!DOCTYPE html PUBLIC "-//W3C//DTD XHTML 1.0 Transitional//EN"
    "http://www.w3.org/TR/xhtml1/DTD/xhtml1-transitional.dtd">
<html xmlns="http://www.w3.org/1999/xhtml" xml:lang="en" lang="en">
 <head>
  <title>
</title>
<meta http-equiv="Content-Type" content="text/html;charset=utf-8" />
  <meta name='ocr-system' content='tesseract 3.04.00' />
  <meta name='ocr-capabilities' content='ocr_page ocr_carea ocr_par ocr_line ocrx_word'/>
</head>
<body>
  <div class='ocr_page' id='page_1' title='image "./dejacobogeelioph00wienuoft_0046.png"; bbox 0 0 1673 2768; ppageno 0'>
   <div class='ocr_carea' id='block_1_1' title="bbox 866 296 906 325">
    <p class='ocr_par' dir='ltr' id='par_1_1' title="bbox 866 296 906 325">
     <span class='ocr_line' id='line_1_1' title="bbox 866 296 906 325; baseline 0 0"><span class='ocrx_word' id='word_1_1' title='bbox 866 296 906 325; x_wconf 83' lang='lat'>26</span> 
     </span>
    </p>
   </div>
   <div class='ocr_carea' id='block_1_2' title="bbox 274 387 1493 992">
    <p class='ocr_par' dir='ltr' id='par_1_2' title="bbox 275 387 1492 540">
     <span class='ocr_line' id='line_1_2' title="bbox 275 387 1491 428; baseline 0.003 -12"><span class='ocrx_word' id='word_1_2' title='bbox 275 387 480 418; x_wconf 88' lang='lat' dir='ltr'>celeberrimo</span> <span class='ocrx_word' id='word_1_3' title='bbox 517 389 654 428; x_wconf 86' lang='lat' dir='ltr'>quodam</span> <span class='ocrx_word' id='word_1_4' title='bbox 691 390 797 420; x_wconf 85' lang='lat' dir='ltr'>codice</span> <span class='ocrx_word' id='word_1_5' title='bbox 832 388 1059 426; x_wconf 78' lang='lat' dir='ltr'>Theodosian0‚</span> <span class='ocrx_word' id='word_1_6' title='bbox 1095 389 1151 428; x_wconf 88' lang='lat' dir='ltr'>qui</span> <span class='ocrx_word' id='word_1_7' title='bbox 1186 389 1218 418; x_wconf 90' lang='lat' dir='ltr'>in</span> <span class='ocrx_word' id='word_1_8' title='bbox 1244 388 1377 419; x_wconf 85' lang='lat' dir='ltr'>aedibus</span> <span class='ocrx_word' id='word_1_9' title='bbox 1401 389 1491 420; x_wconf 87' lang='lat' dir='ltr'>Vati-</span> 
     </span>
     <span class='ocr_line' id='line_1_3' title="bbox 275 443 1492 485; baseline 0.003 -12"><span class='ocrx_word' id='word_1_10' title='bbox 275 443 362 473; x_wconf 85' lang='lat' dir='ltr'>canis</span> <span class='ocrx_word' id='word_1_11' title='bbox 397 444 628 484; x_wconf 79' lang='lat' dir='ltr'>asservabatur,</span> <span class='ocrx_word' id='word_1_12' title='bbox 665 448 695 476; x_wconf 89' lang='lat' dir='ltr'>et</span> <span class='ocrx_word' id='word_1_13' title='bbox 726 446 764 476; x_wconf 86' lang='lat' dir='ltr'>de</span> <span class='ocrx_word' id='word_1_14' title='bbox 795 445 865 476; x_wconf 83' lang='lat' dir='ltr'>aliis</span> <span class='ocrx_word' id='word_1_15' title='bbox 898 444 1091 485; x_wconf 82' lang='lat' dir='ltr'>quibusdam</span> <span class='ocrx_word' id='word_1_16' title='bbox 1124 444 1218 476; x_wconf 90' lang='lat' dir='ltr'>rebus</span> <span class='ocrx_word' id='word_1_17' title='bbox 1243 445 1492 477; x_wconf 85' lang='lat' dir='ltr'>bibliothecariis</span> 
     </span>
     <span class='ocr_line' id='line_1_4' title="bbox 276 498 456 540; baseline 0.006 -11"><span class='ocrx_word' id='word_1_18' title='bbox 276 500 401 540; x_wconf 85' lang='lat' dir='ltr'>scripsit</span> <span class='ocrx_word' id='word_1_19' title='bbox 418 498 456 538; x_wconf 81' lang='lat'>¹);</span> 
     </span>
    </p>

    <p class='ocr_par' dir='ltr' id='par_1_3' title="bbox 275 556 1493 708">
     <span class='ocr_line' id='line_1_5' title="bbox 319 556 1493 590; baseline 0.003 -4"><span class='ocrx_word' id='word_1_20' title='bbox 319 557 418 586; x_wconf 85' lang='lat' dir='ltr'>oratio</span> <span class='ocrx_word' id='word_1_21' title='bbox 453 556 565 587; x_wconf 86' lang='lat' dir='ltr'>Latina</span> <span class='ocrx_word' id='word_1_22' title='bbox 602 558 629 588; x_wconf 95' lang='lat' dir='ltr'>d.</span> <span class='ocrx_word' id='word_1_23' title='bbox 666 559 684 588; x_wconf 82' lang='lat'>2</span> <span class='ocrx_word' id='word_1_24' title='bbox 724 568 762 588; x_wconf 89' lang='lat' dir='ltr'>m.</span> <span class='ocrx_word' id='word_1_25' title='bbox 796 557 866 588; x_wconf 91' lang='lat' dir='ltr'>Iun.</span> <span class='ocrx_word' id='word_1_26' title='bbox 899 568 925 587; x_wconf 88' lang='lat' dir='ltr'>a.</span> <span class='ocrx_word' id='word_1_27' title='bbox 962 558 1046 587; x_wconf 71' lang='lat'>1834</span> <span class='ocrx_word' id='word_1_28' title='bbox 1080 558 1113 587; x_wconf 91' lang='lat' dir='ltr'>in</span> <span class='ocrx_word' id='word_1_29' title='bbox 1144 557 1297 588; x_wconf 89' lang='lat' dir='ltr'>Instituto</span> <span class='ocrx_word' id='word_1_30' title='bbox 1323 558 1429 589; x_wconf 85' lang='lat' dir='ltr'>habita</span> <span class='ocrx_word' id='word_1_31' title='bbox 1454 559 1493 590; x_wconf 88' lang='lat' dir='ltr'>de</span> 
     </span>
     <span class='ocr_line' id='line_1_6' title="bbox 275 611 1492 654; baseline 0.002 -11"><span class='ocrx_word' id='word_1_32' title='bbox 275 611 388 643; x_wconf 81' lang='lat' dir='ltr'>Dionis</span> <span class='ocrx_word' id='word_1_33' title='bbox 425 612 643 652; x_wconf 73' lang='lat' dir='ltr'>Chrysostomi</span> <span class='ocrx_word' id='word_1_34' title='bbox 676 615 750 653; x_wconf 83' lang='lat' dir='ltr'>vita,</span> <span class='ocrx_word' id='word_1_35' title='bbox 782 614 918 654; x_wconf 81' lang='lat' dir='ltr'>scriptis,</span> <span class='ocrx_word' id='word_1_36' title='bbox 942 614 1066 644; x_wconf 80' lang='lat' dir='ltr'>ratione</span> <span class='ocrx_word' id='word_1_37' title='bbox 1091 613 1226 653; x_wconf 87' lang='lat' dir='ltr'>dicendi,</span> <span class='ocrx_word' id='word_1_38' title='bbox 1251 615 1439 645; x_wconf 82' lang='lat' dir='ltr'>auctoritate</span> <span class='ocrx_word' id='word_1_39' title='bbox 1463 618 1492 646; x_wconf 88' lang='lat' dir='ltr'>et</span> 
     </span>
     <span class='ocr_line' id='line_1_7' title="bbox 277 668 1084 708; baseline 0.001 -10"><span class='ocrx_word' id='word_1_40' title='bbox 277 669 315 699; x_wconf 76' lang='lat' dir='ltr'>de</span> <span class='ocrx_word' id='word_1_41' title='bbox 338 669 479 700; x_wconf 82' lang='lat' dir='ltr'>eiusdem</span> <span class='ocrx_word' id='word_1_42' title='bbox 505 671 647 701; x_wconf 81' lang='lat' dir='ltr'>oratione</span> <span class='ocrx_word' id='word_1_43' title='bbox 673 669 738 708; x_wconf 63' lang='grc' dir='ltr'>περὶ</span> <span class='ocrx_word' id='word_1_44' title='bbox 764 669 852 707; x_wconf 63' lang='grc' dir='ltr'><em>λόγου</em></span> <span class='ocrx_word' id='word_1_45' title='bbox 877 669 1030 705; x_wconf 53' lang='grc' dir='ltr'>ἀσκήσεως</span> <span class='ocrx_word' id='word_1_46' title='bbox 1045 668 1084 708; x_wconf 74' lang='grc'>2);</span> 
     </span>
    </p>

    <p class='ocr_par' dir='ltr' id='par_1_4' title="bbox 276 725 1491 876">
     <span class='ocr_line' id='line_1_8' title="bbox 320 725 1491 767; baseline 0.003 -12"><span class='ocrx_word' id='word_1_47' title='bbox 320 725 427 756; x_wconf 83' lang='lat' dir='ltr'>literae</span> <span class='ocrx_word' id='word_1_48' title='bbox 459 726 497 756; x_wconf 87' lang='lat' dir='ltr'>ad</span> <span class='ocrx_word' id='word_1_49' title='bbox 529 726 665 757; x_wconf 85' lang='lat' dir='ltr'>Hasium</span> <span class='ocrx_word' id='word_1_50' title='bbox 699 727 789 757; x_wconf 85' lang='lat' dir='ltr'>datae</span> <span class='ocrx_word' id='word_1_51' title='bbox 825 736 900 765; x_wconf 85' lang='lat' dir='ltr'>„sur</span> <span class='ocrx_word' id='word_1_52' title='bbox 932 726 960 757; x_wconf 88' lang='lat' dir='ltr'>le</span> <span class='ocrx_word' id='word_1_53' title='bbox 985 725 1140 757; x_wconf 87' lang='lat' dir='ltr'>Discours</span> <span class='ocrx_word' id='word_1_54' title='bbox 1166 727 1204 757; x_wconf 90' lang='lat' dir='ltr'>de</span> <span class='ocrx_word' id='word_1_55' title='bbox 1228 726 1311 758; x_wconf 91' lang='lat' dir='ltr'>Dion</span> <span class='ocrx_word' id='word_1_56' title='bbox 1338 727 1491 767; x_wconf 73' lang='lat' dir='ltr'>Chryses-</span> 
     </span>
     <span class='ocr_line' id='line_1_9' title="bbox 276 782 1491 825; baseline 0.002 -13"><span class='ocrx_word' id='word_1_57' title='bbox 276 785 367 821; x_wconf 82' lang='lat' dir='ltr'>tome,</span> <span class='ocrx_word' id='word_1_58' title='bbox 392 782 520 813; x_wconf 76' lang='lat' dir='ltr'>intitule</span> <span class='ocrx_word' id='word_1_59' title='bbox 555 783 686 823; x_wconf 77' lang='lat' dir='ltr'>eloge</span> <span class='ocrx_word' id='word_1_60' title='bbox 722 783 760 813; x_wconf 93' lang='lat' dir='ltr'>de</span> <span class='ocrx_word' id='word_1_61' title='bbox 782 783 813 813; x_wconf 91' lang='lat' dir='ltr'>la</span> <span class='ocrx_word' id='word_1_62' title='bbox 837 782 1045 822; x_wconf 85' lang='lat' dir='ltr'>Chevelure&#39;’‚</span> <span class='ocrx_word' id='word_1_63' title='bbox 1068 783 1170 814; x_wconf 87' lang='lat' dir='ltr'>editae</span> <span class='ocrx_word' id='word_1_64' title='bbox 1193 793 1219 814; x_wconf 88' lang='lat' dir='ltr'>a.</span> <span class='ocrx_word' id='word_1_65' title='bbox 1248 784 1341 823; x_wconf 87' lang='lat'>1839,</span> <span class='ocrx_word' id='word_1_66' title='bbox 1361 784 1400 815; x_wconf 83' lang='lat' dir='ltr'>de</span> <span class='ocrx_word' id='word_1_67' title='bbox 1421 785 1491 825; x_wconf 90' lang='lat' dir='ltr'>qui-</span> 
     </span>
     <span class='ocr_line' id='line_1_10' title="bbox 277 836 992 876; baseline 0.003 -9"><span class='ocrx_word' id='word_1_68' title='bbox 277 837 336 868; x_wconf 89' lang='lat' dir='ltr'>bus</span> <span class='ocrx_word' id='word_1_69' title='bbox 359 838 392 867; x_wconf 89' lang='lat' dir='ltr'>in</span> <span class='ocrx_word' id='word_1_70' title='bbox 417 837 564 869; x_wconf 71' lang='lat' dir='ltr'>Sec-tione</span> <span class='ocrx_word' id='word_1_71' title='bbox 588 839 685 869; x_wconf 87' lang='lat' dir='ltr'>altera</span> <span class='ocrx_word' id='word_1_72' title='bbox 709 842 839 869; x_wconf 84' lang='lat' dir='ltr'>acturus</span> <span class='ocrx_word' id='word_1_73' title='bbox 864 848 935 869; x_wconf 87' lang='lat' dir='ltr'>sum</span> <span class='ocrx_word' id='word_1_74' title='bbox 951 836 992 876; x_wconf 83' lang='grc'>3);</span> 
     </span>
    </p>

    <p class='ocr_par' dir='ltr' id='par_1_5' title="bbox 274 895 1491 992">
     <span class='ocr_line' id='line_1_11' title="bbox 319 895 1491 927; baseline 0.001 -2"><span class='ocrx_word' id='word_1_75' title='bbox 319 895 417 924; x_wconf 86' lang='lat' dir='ltr'>oratio</span> <span class='ocrx_word' id='word_1_76' title='bbox 449 895 487 926; x_wconf 86' lang='lat' dir='ltr'>de</span> <span class='ocrx_word' id='word_1_77' title='bbox 519 895 691 926; x_wconf 83' lang='lat' dir='ltr'>Polemone</span> <span class='ocrx_word' id='word_1_78' title='bbox 723 895 751 926; x_wconf 95' lang='lat' dir='ltr'>d.</span> <span class='ocrx_word' id='word_1_79' title='bbox 784 896 825 925; x_wconf 79' lang='lat'>25</span> <span class='ocrx_word' id='word_1_80' title='bbox 851 905 890 925; x_wconf 90' lang='lat' dir='ltr'>m.</span> <span class='ocrx_word' id='word_1_81' title='bbox 916 895 986 925; x_wconf 90' lang='lat' dir='ltr'>Iun.</span> <span class='ocrx_word' id='word_1_82' title='bbox 1012 905 1038 925; x_wconf 85' lang='lat' dir='ltr'>a.</span> <span class='ocrx_word' id='word_1_83' title='bbox 1067 896 1149 925; x_wconf 87' lang='lat'>1838</span> <span class='ocrx_word' id='word_1_84' title='bbox 1175 896 1208 925; x_wconf 91' lang='lat' dir='ltr'>in</span> <span class='ocrx_word' id='word_1_85' title='bbox 1233 895 1386 926; x_wconf 86' lang='lat' dir='ltr'>Instituto</span> <span class='ocrx_word' id='word_1_86' title='bbox 1411 897 1491 927; x_wconf 88' lang='lat' dir='ltr'>reci-</span> 
     </span>
     <span class='ocr_line' id='line_1_12' title="bbox 274 951 1491 992; baseline 0.002 -12"><span class='ocrx_word' id='word_1_87' title='bbox 274 953 347 990; x_wconf 82' lang='lat' dir='ltr'>tata,</span> <span class='ocrx_word' id='word_1_88' title='bbox 371 961 434 991; x_wconf 89' lang='lat' dir='ltr'>qua</span> <span class='ocrx_word' id='word_1_89' title='bbox 463 951 591 992; x_wconf 84' lang='lat' dir='ltr'>Belgice</span> <span class='ocrx_word' id='word_1_90' title='bbox 616 952 743 982; x_wconf 85' lang='lat' dir='ltr'>videtur</span> <span class='ocrx_word' id='word_1_91' title='bbox 768 952 958 983; x_wconf 84' lang='lat' dir='ltr'>disseruisse</span> <span class='ocrx_word' id='word_1_92' title='bbox 983 961 1055 982; x_wconf 88' lang='lat' dir='ltr'>cum</span> <span class='ocrx_word' id='word_1_93' title='bbox 1081 951 1119 982; x_wconf 90' lang='lat' dir='ltr'>de</span> <span class='ocrx_word' id='word_1_94' title='bbox 1143 952 1214 983; x_wconf 88' lang='lat' dir='ltr'>aliis</span> <span class='ocrx_word' id='word_1_95' title='bbox 1238 952 1334 983; x_wconf 87' lang='lat' dir='ltr'>rebus</span> <span class='ocrx_word' id='word_1_96' title='bbox 1359 955 1426 983; x_wconf 89' lang='lat' dir='ltr'>tum</span> <span class='ocrx_word' id='word_1_97' title='bbox 1452 953 1491 984; x_wconf 88' lang='lat' dir='ltr'>de</span> 
     </span>
    </p>
   </div>
   <div class='ocr_carea' id='block_1_3' title="bbox 276 1006 454 1046">
    <p class='ocr_par' dir='ltr' id='par_1_6' title="bbox 276 1006 454 1046">
     <span class='ocr_line' id='line_1_13' title="bbox 276 1006 454 1046; baseline 0.006 -10"><span class='ocrx_word' id='word_1_98' title='bbox 276 1006 410 1046; x_wconf 60' lang='grc' dir='ltr'>πκρῳδίςι</span> <span class='ocrx_word' id='word_1_99' title='bbox 425 1007 454 1045; x_wconf 76' lang='lat'>⁴).</span> 
     </span>
    </p>
   </div>
   <div class='ocr_carea' id='block_1_4' title="bbox 274 1118 1493 1387">
    <p class='ocr_par' dir='ltr' id='par_1_7' title="bbox 274 1118 1493 1387">
     <span class='ocr_line' id='line_1_14' title="bbox 320 1118 1492 1160; baseline 0.001 -11"><span class='ocrx_word' id='word_1_100' title='bbox 320 1119 338 1157; x_wconf 67' lang='grc' dir='ltr'>ξ</span> <span class='ocrx_word' id='word_1_101' title='bbox 363 1118 390 1148; x_wconf 89' lang='grc'>6.</span> <span class='ocrx_word' id='word_1_102' title='bbox 416 1118 690 1150; x_wconf 84' lang='lat' dir='ltr'>Commentatione</span> <span class='ocrx_word' id='word_1_103' title='bbox 715 1119 753 1150; x_wconf 86' lang='lat' dir='ltr'>de</span> <span class='ocrx_word' id='word_1_104' title='bbox 777 1118 993 1160; x_wconf 79' lang='lat' dir='ltr'>Xenophonte</span> <span class='ocrx_word' id='word_1_105' title='bbox 1016 1120 1049 1149; x_wconf 92' lang='lat' dir='ltr'>in</span> <span class='ocrx_word' id='word_1_106' title='bbox 1074 1118 1226 1150; x_wconf 88' lang='lat' dir='ltr'>Instituto</span> <span class='ocrx_word' id='word_1_107' title='bbox 1248 1120 1276 1150; x_wconf 92' lang='lat' dir='ltr'>d.</span> <span class='ocrx_word' id='word_1_108' title='bbox 1298 1120 1336 1149; x_wconf 81' lang='lat'>‘27</span> <span class='ocrx_word' id='word_1_109' title='bbox 1360 1130 1401 1150; x_wconf 82' lang='lat' dir='ltr'>m.</span> <span class='ocrx_word' id='word_1_110' title='bbox 1420 1119 1492 1151; x_wconf 92' lang='lat' dir='ltr'>Iun.</span> 
     </span>
     <span class='ocr_line' id='line_1_15' title="bbox 275 1175 1493 1217; baseline 0.001 -12"><span class='ocrx_word' id='word_1_111' title='bbox 275 1185 302 1205; x_wconf 86' lang='lat' dir='ltr'>a.</span> <span class='ocrx_word' id='word_1_112' title='bbox 330 1175 412 1205; x_wconf 85' lang='lat'>1836</span> <span class='ocrx_word' id='word_1_113' title='bbox 438 1176 578 1215; x_wconf 80' lang='lat' dir='ltr'>recitata,</span> <span class='ocrx_word' id='word_1_114' title='bbox 605 1185 681 1214; x_wconf 74' lang='lat' dir='ltr'>„een</span> <span class='ocrx_word' id='word_1_115' title='bbox 708 1176 874 1216; x_wconf 80' lang='lat' dir='ltr'>waagstuk</span> <span class='ocrx_word' id='word_1_116' title='bbox 899 1186 985 1206; x_wconf 88' lang='lat' dir='ltr'>maar</span> <span class='ocrx_word' id='word_1_117' title='bbox 1004 1176 1085 1216; x_wconf 84' lang='lat' dir='ltr'>goed</span> <span class='ocrx_word' id='word_1_118' title='bbox 1107 1185 1146 1206; x_wconf 89' lang='lat' dir='ltr'>en</span> <span class='ocrx_word' id='word_1_119' title='bbox 1167 1176 1242 1217; x_wconf 86' lang='lat' dir='ltr'>lang</span> <span class='ocrx_word' id='word_1_120' title='bbox 1254 1175 1493 1217; x_wconf 85' lang='lat' dir='ltr'>overdacht⁷’⁵),</span> 
     </span>
     <span class='ocr_line' id='line_1_16' title="bbox 276 1231 1491 1273; baseline 0.001 -11"><span class='ocrx_word' id='word_1_121' title='bbox 276 1231 351 1262; x_wconf 87' lang='lat' dir='ltr'>Geel</span> <span class='ocrx_word' id='word_1_122' title='bbox 390 1232 576 1270; x_wconf 75' lang='lat' dir='ltr'>„ostendere</span> <span class='ocrx_word' id='word_1_123' title='bbox 612 1232 672 1263; x_wconf 91' lang='lat' dir='ltr'>sibi</span> <span class='ocrx_word' id='word_1_124' title='bbox 707 1233 873 1273; x_wconf 85' lang='lat' dir='ltr'>proposuit</span> <span class='ocrx_word' id='word_1_125' title='bbox 904 1235 1097 1273; x_wconf 87' lang='lat' dir='ltr'>postremum</span> <span class='ocrx_word' id='word_1_126' title='bbox 1120 1235 1215 1273; x_wconf 81' lang='lat' dir='ltr'>caput</span> <span class='ocrx_word' id='word_1_127' title='bbox 1235 1232 1491 1263; x_wconf 82' lang='lat' dir='ltr'>Memorabilium</span> 
     </span>
     <span class='ocr_line' id='line_1_17' title="bbox 275 1288 1492 1330; baseline 0.002 -12"><span class='ocrx_word' id='word_1_128' title='bbox 275 1297 314 1319; x_wconf 75' lang='lat' dir='ltr'>ex</span> <span class='ocrx_word' id='word_1_129' title='bbox 345 1288 501 1329; x_wconf 85' lang='lat' dir='ltr'>Apologia</span> <span class='ocrx_word' id='word_1_130' title='bbox 526 1298 595 1320; x_wconf 86' lang='lat' dir='ltr'>esse</span> <span class='ocrx_word' id='word_1_131' title='bbox 620 1289 827 1330; x_wconf 80' lang='lat' dir='ltr'>descriptum,</span> <span class='ocrx_word' id='word_1_132' title='bbox 851 1292 887 1320; x_wconf 87' lang='lat' dir='ltr'>ut</span> <span class='ocrx_word' id='word_1_133' title='bbox 910 1289 987 1320; x_wconf 89' lang='lat' dir='ltr'>adeo</span> <span class='ocrx_word' id='word_1_134' title='bbox 1012 1299 1075 1319; x_wconf 91' lang='lat' dir='ltr'>non</span> <span class='ocrx_word' id='word_1_135' title='bbox 1102 1288 1314 1320; x_wconf 84' lang='lat' dir='ltr'>dubitandum</span> <span class='ocrx_word' id='word_1_136' title='bbox 1339 1290 1390 1329; x_wconf 86' lang='lat' dir='ltr'>sit,</span> <span class='ocrx_word' id='word_1_137' title='bbox 1413 1290 1492 1330; x_wconf 88' lang='lat' dir='ltr'>quin</span> 
     </span>
     <span class='ocr_line' id='line_1_18' title="bbox 274 1344 1491 1387; baseline 0.002 -12"><span class='ocrx_word' id='word_1_138' title='bbox 274 1344 430 1385; x_wconf 81' lang='lat' dir='ltr'>Apologia</span> <span class='ocrx_word' id='word_1_139' title='bbox 455 1346 496 1376; x_wconf 86' lang='lat' dir='ltr'>sit</span> <span class='ocrx_word' id='word_1_140' title='bbox 516 1344 750 1386; x_wconf 85' lang='lat' dir='ltr'>Xenophontis,</span> <span class='ocrx_word' id='word_1_141' title='bbox 775 1345 828 1377; x_wconf 89' lang='lat' dir='ltr'>sed</span> <span class='ocrx_word' id='word_1_142' title='bbox 854 1345 999 1376; x_wconf 87' lang='lat' dir='ltr'>dubitare</span> <span class='ocrx_word' id='word_1_143' title='bbox 1023 1346 1153 1376; x_wconf 86' lang='lat' dir='ltr'>omnino</span> <span class='ocrx_word' id='word_1_144' title='bbox 1178 1345 1280 1386; x_wconf 87' lang='lat' dir='ltr'>liceat,</span> <span class='ocrx_word' id='word_1_145' title='bbox 1300 1355 1340 1376; x_wconf 85' lang='lat' dir='ltr'>an</span> <span class='ocrx_word' id='word_1_146' title='bbox 1362 1346 1491 1387; x_wconf 85' lang='lat' dir='ltr'>quidem</span> 
     </span>
    </p>
   </div>
   <div class='ocr_carea' id='block_1_5' title="bbox 277 1433 420 1438">
    <p class='ocr_par' dir='ltr' id='par_1_8' title="bbox 277 1433 420 1438">
     <span class='ocr_line' id='line_1_19' title="bbox 277 1433 420 1438; baseline 0 0"><span class='ocrx_word' id='word_1_147' title='bbox 277 1433 420 1438; x_wconf 95' lang='lat' dir='ltr'> </span> 
     </span>
    </p>
   </div>
   <div class='ocr_carea' id='block_1_6' title="bbox 272 1485 1493 2349">
    <p class='ocr_par' dir='ltr' id='par_1_9' title="bbox 307 1485 669 1516">
     <span class='ocr_line' id='line_1_20' title="bbox 307 1485 669 1516; baseline 0 -7"><span class='ocrx_word' id='word_1_148' title='bbox 307 1485 333 1515; x_wconf 87' lang='lat'>1)</span> <span class='ocrx_word' id='word_1_149' title='bbox 353 1485 408 1510; x_wconf 90' lang='lat' dir='ltr'>Vol.</span> <span class='ocrx_word' id='word_1_150' title='bbox 426 1485 468 1516; x_wconf 88' lang='lat' dir='ltr'>IV⁷</span> <span class='ocrx_word' id='word_1_151' title='bbox 486 1493 510 1516; x_wconf 86' lang='lat' dir='ltr'>p.</span> <span class='ocrx_word' id='word_1_152' title='bbox 528 1485 669 1510; x_wconf 71' lang='lat'>247-252.</span> 
     </span>
    </p>

    <p class='ocr_par' dir='ltr' id='par_1_10' title="bbox 274 1524 1493 1755">
     <span class='ocr_line' id='line_1_21' title="bbox 308 1524 1492 1558; baseline 0.003 -10"><span class='ocrx_word' id='word_1_153' title='bbox 308 1524 409 1552; x_wconf 82' lang='lat' dir='ltr'>Quibus</span> <span class='ocrx_word' id='word_1_154' title='bbox 427 1525 453 1549; x_wconf 87' lang='lat' dir='ltr'>iu</span> <span class='ocrx_word' id='word_1_155' title='bbox 473 1525 558 1549; x_wconf 84' lang='lat' dir='ltr'>literis</span> <span class='ocrx_word' id='word_1_156' title='bbox 577 1526 625 1549; x_wconf 82' lang='lat' dir='ltr'>hoc</span> <span class='ocrx_word' id='word_1_157' title='bbox 643 1525 771 1550; x_wconf 86' lang='lat' dir='ltr'>iudicium</span> <span class='ocrx_word' id='word_1_158' title='bbox 792 1526 919 1550; x_wconf 83' lang='lat' dir='ltr'>memoria</span> <span class='ocrx_word' id='word_1_159' title='bbox 938 1526 1048 1557; x_wconf 80' lang='lat' dir='ltr'>dignum</span> <span class='ocrx_word' id='word_1_160' title='bbox 1067 1526 1139 1550; x_wconf 81' lang='lat' dir='ltr'>dedit</span> <span class='ocrx_word' id='word_1_161' title='bbox 1157 1527 1194 1557; x_wconf 89' lang='lat' dir='ltr'>(p.</span> <span class='ocrx_word' id='word_1_162' title='bbox 1212 1526 1288 1558; x_wconf 77' lang='lat'><strong>250):</strong></span> <span class='ocrx_word' id='word_1_163' title='bbox 1307 1527 1415 1557; x_wconf 73' lang='lat' dir='ltr'>„ludien</span> <span class='ocrx_word' id='word_1_164' title='bbox 1431 1535 1492 1552; x_wconf 87' lang='lat' dir='ltr'>men</span> 
     </span>
     <span class='ocr_line' id='line_1_22' title="bbox 276 1564 1493 1598; baseline 0.002 -11"><span class='ocrx_word' id='word_1_165' title='bbox 276 1564 320 1595; x_wconf 84' lang='lat' dir='ltr'>mij</span> <span class='ocrx_word' id='word_1_166' title='bbox 343 1572 429 1595; x_wconf 74' lang='lat' dir='ltr'>vroeg,</span> <span class='ocrx_word' id='word_1_167' title='bbox 447 1565 474 1588; x_wconf 85' lang='lat' dir='ltr'>of</span> <span class='ocrx_word' id='word_1_168' title='bbox 491 1565 575 1589; x_wconf 76' lang='lat' dir='ltr'>Hiinel</span> <span class='ocrx_word' id='word_1_169' title='bbox 594 1568 648 1588; x_wconf 88' lang='lat' dir='ltr'>met</span> <span class='ocrx_word' id='word_1_170' title='bbox 668 1568 725 1596; x_wconf 82' lang='lat' dir='ltr'>regt</span> <span class='ocrx_word' id='word_1_171' title='bbox 753 1566 882 1589; x_wconf 82' lang='lat' dir='ltr'>celebe</span> <span class='ocrx_word' id='word_1_172' title='bbox 894 1566 947 1589; x_wconf 89' lang='lat' dir='ltr'>rri</span> <span class='ocrx_word' id='word_1_173' title='bbox 959 1573 984 1589; x_wconf 89' lang='lat' dir='ltr'>m</span> <span class='ocrx_word' id='word_1_174' title='bbox 997 1573 1011 1589; x_wconf 92' lang='lat' dir='ltr'>u</span> <span class='ocrx_word' id='word_1_175' title='bbox 1024 1573 1049 1589; x_wconf 91' lang='lat' dir='ltr'>m</span> <span class='ocrx_word' id='word_1_176' title='bbox 1076 1566 1128 1590; x_wconf 84' lang='lat' dir='ltr'>kon</span> <span class='ocrx_word' id='word_1_177' title='bbox 1147 1573 1259 1590; x_wconf 82' lang='lat' dir='ltr'>noemeu</span> <span class='ocrx_word' id='word_1_178' title='bbox 1278 1573 1327 1590; x_wconf 86' lang='lat' dir='ltr'>een</span> <span class='ocrx_word' id='word_1_179' title='bbox 1347 1574 1493 1598; x_wconf 84' lang='lat' dir='ltr'>voorwerp,</span> 
     </span>
     <span class='ocr_line' id='line_1_23' title="bbox 275 1604 1490 1636; baseline 0.002 -9"><span class='ocrx_word' id='word_1_180' title='bbox 275 1604 319 1627; x_wconf 86' lang='lat' dir='ltr'>dat</span> <span class='ocrx_word' id='word_1_181' title='bbox 345 1612 395 1635; x_wconf 76' lang='lat' dir='ltr'>nog</span> <span class='ocrx_word' id='word_1_182' title='bbox 422 1605 478 1628; x_wconf 88' lang='lat' dir='ltr'>niet</span> <span class='ocrx_word' id='word_1_183' title='bbox 504 1612 554 1628; x_wconf 78' lang='lat' dir='ltr'>aaa</span> <span class='ocrx_word' id='word_1_184' title='bbox 581 1605 631 1628; x_wconf 81' lang='lat' dir='ltr'>alle</span> <span class='ocrx_word' id='word_1_185' title='bbox 658 1605 857 1636; x_wconf 77' lang='lat' dir='ltr'>bibliographeu</span> <span class='ocrx_word' id='word_1_186' title='bbox 876 1612 909 1628; x_wconf 91' lang='lat' dir='ltr'>en</span> <span class='ocrx_word' id='word_1_187' title='bbox 929 1605 1138 1636; x_wconf 78' lang='lat' dir='ltr'>palaeographen</span> <span class='ocrx_word' id='word_1_188' title='bbox 1158 1605 1260 1629; x_wconf 83' lang='lat' dir='ltr'>bekend</span> <span class='ocrx_word' id='word_1_189' title='bbox 1280 1606 1311 1635; x_wconf 73' lang='lat' dir='ltr'>is,</span> <span class='ocrx_word' id='word_1_190' title='bbox 1328 1605 1379 1629; x_wconf 86' lang='lat' dir='ltr'>dau</span> <span class='ocrx_word' id='word_1_191' title='bbox 1399 1613 1445 1630; x_wconf 88' lang='lat' dir='ltr'>zou</span> <span class='ocrx_word' id='word_1_192' title='bbox 1464 1607 1490 1630; x_wconf 84' lang='lat' dir='ltr'>ik</span> 
     </span>
     <span class='ocr_line' id='line_1_24' title="bbox 274 1644 1492 1676; baseline 0.002 -9"><span class='ocrx_word' id='word_1_193' title='bbox 274 1644 453 1673; x_wconf 76' lang='lat' dir='ltr'>autwoorden,</span> <span class='ocrx_word' id='word_1_194' title='bbox 480 1644 524 1668; x_wconf 84' lang='lat' dir='ltr'>dat</span> <span class='ocrx_word' id='word_1_195' title='bbox 550 1644 582 1667; x_wconf 91' lang='lat' dir='ltr'>de</span> <span class='ocrx_word' id='word_1_196' title='bbox 603 1644 757 1668; x_wconf 86' lang='lat' dir='ltr'>Duitschers</span> <span class='ocrx_word' id='word_1_197' title='bbox 776 1644 896 1676; x_wconf 87' lang='lat' dir='ltr'>somtijds</span> <span class='ocrx_word' id='word_1_198' title='bbox 916 1645 971 1668; x_wconf 76' lang='lat' dir='ltr'>veel</span> <span class='ocrx_word' id='word_1_199' title='bbox 991 1645 1126 1676; x_wconf 74' lang='lat' dir='ltr'>beweging</span> <span class='ocrx_word' id='word_1_200' title='bbox 1146 1645 1251 1674; x_wconf 79' lang='lat' dir='ltr'>make-n,</span> <span class='ocrx_word' id='word_1_201' title='bbox 1269 1653 1302 1669; x_wconf 91' lang='lat' dir='ltr'>en</span> <span class='ocrx_word' id='word_1_202' title='bbox 1322 1645 1372 1669; x_wconf 87' lang='lat' dir='ltr'>iets</span> <span class='ocrx_word' id='word_1_203' title='bbox 1398 1646 1492 1669; x_wconf 89' lang='lat' dir='ltr'>cele-</span> 
     </span>
     <span class='ocr_line' id='line_1_25' title="bbox 275 1683 1492 1716; baseline 0.002 -10"><span class='ocrx_word' id='word_1_204' title='bbox 275 1683 479 1707; x_wconf 84' lang='lat' dir='ltr'>berrimum</span> <span class='ocrx_word' id='word_1_205' title='bbox 506 1691 628 1714; x_wconf 87' lang='lat' dir='ltr'>uoemeu,</span> <span class='ocrx_word' id='word_1_206' title='bbox 655 1691 777 1707; x_wconf 79' lang='lat' dir='ltr'>waarvan</span> <span class='ocrx_word' id='word_1_207' title='bbox 806 1692 828 1706; x_wconf 85' lang='lat' dir='ltr'>w</span> <span class='ocrx_word' id='word_1_208' title='bbox 840 1684 855 1715; x_wconf 87' lang='lat' dir='ltr'>ij</span> <span class='ocrx_word' id='word_1_209' title='bbox 884 1691 935 1715; x_wconf 79' lang='lat' dir='ltr'>nog</span> <span class='ocrx_word' id='word_1_210' title='bbox 962 1684 1136 1716; x_wconf 73' lang='lat' dir='ltr'>naauwelijks</span> <span class='ocrx_word' id='word_1_211' title='bbox 1165 1684 1261 1708; x_wconf 86' lang='lat' dir='ltr'>keunis</span> <span class='ocrx_word' id='word_1_212' title='bbox 1286 1685 1394 1716; x_wconf 79' lang='lat' dir='ltr'>dragen,</span> <span class='ocrx_word' id='word_1_213' title='bbox 1419 1692 1492 1708; x_wconf 82' lang='lat' dir='ltr'>maai·</span> 
     </span>
     <span class='ocr_line' id='line_1_26' title="bbox 274 1723 1299 1755; baseline 0.002 -10"><span class='ocrx_word' id='word_1_214' title='bbox 274 1723 318 1746; x_wconf 83' lang='lat' dir='ltr'>dat</span> <span class='ocrx_word' id='word_1_215' title='bbox 336 1723 513 1754; x_wconf 78' lang='lat' dir='ltr'>daarentegen</span> <span class='ocrx_word' id='word_1_216' title='bbox 541 1731 628 1747; x_wconf 80' lang='lat' dir='ltr'>onze</span> <span class='ocrx_word' id='word_1_217' title='bbox 657 1724 824 1754; x_wconf 84' lang='lat' dir='ltr'>wetenschap</span> <span class='ocrx_word' id='word_1_218' title='bbox 843 1724 963 1755; x_wconf 74' lang='lat' dir='ltr'>sorntijds</span> <span class='ocrx_word' id='word_1_219' title='bbox 982 1727 1033 1748; x_wconf 83' lang='lat' dir='ltr'>wat</span> <span class='ocrx_word' id='word_1_220' title='bbox 1052 1725 1194 1748; x_wconf 80' lang='lat' dir='ltr'>achteraan</span> <span class='ocrx_word' id='word_1_221' title='bbox 1212 1723 1299 1748; x_wconf 82' lang='lat' dir='ltr'>sloft&#39;⁷.</span> 
     </span>
    </p>

    <p class='ocr_par' dir='ltr' id='par_1_11' title="bbox 275 1762 1491 1873">
     <span class='ocr_line' id='line_1_27' title="bbox 308 1762 1490 1794; baseline 0.001 -8"><span class='ocrx_word' id='word_1_222' title='bbox 308 1762 389 1790; x_wconf 78' lang='lat' dir='ltr'>Quale</span> <span class='ocrx_word' id='word_1_223' title='bbox 416 1763 545 1787; x_wconf 79' lang='lat' dir='ltr'>iudicium</span> <span class='ocrx_word' id='word_1_224' title='bbox 571 1764 603 1787; x_wconf 89' lang='lat' dir='ltr'>de</span> <span class='ocrx_word' id='word_1_225' title='bbox 629 1763 687 1787; x_wconf 81' lang='lat' dir='ltr'>aliis</span> <span class='ocrx_word' id='word_1_226' title='bbox 714 1763 794 1787; x_wconf 88' lang='lat' dir='ltr'>rebus</span> <span class='ocrx_word' id='word_1_227' title='bbox 821 1766 910 1794; x_wconf 86' lang='lat' dir='ltr'>postea</span> <span class='ocrx_word' id='word_1_228' title='bbox 929 1763 1000 1787; x_wconf 82' lang='lat' dir='ltr'>dedit</span> <span class='ocrx_word' id='word_1_229' title='bbox 1027 1763 1053 1787; x_wconf 87' lang='lat' dir='ltr'>in</span> <span class='ocrx_word' id='word_1_230' title='bbox 1081 1764 1178 1793; x_wconf 79' lang='lat' dir='ltr'>diariis,</span> <span class='ocrx_word' id='word_1_231' title='bbox 1206 1771 1274 1794; x_wconf 83' lang='lat' dir='ltr'>quae</span> <span class='ocrx_word' id='word_1_232' title='bbox 1292 1763 1490 1788; x_wconf 78' lang='lat' dir='ltr'>inscribuntur:</span> 
     </span>
     <span class='ocr_line' id='line_1_28' title="bbox 275 1802 1491 1834; baseline 0.002 -9"><span class='ocrx_word' id='word_1_233' title='bbox 275 1802 398 1832; x_wconf 67' lang='lat' dir='ltr'>„Journal</span> <span class='ocrx_word' id='word_1_234' title='bbox 425 1803 456 1826; x_wconf 86' lang='lat' dir='ltr'>de</span> <span class='ocrx_word' id='word_1_235' title='bbox 475 1803 498 1826; x_wconf 88' lang='lat' dir='ltr'>la</span> <span class='ocrx_word' id='word_1_236' title='bbox 519 1803 605 1834; x_wconf 62' lang='lat' dir='ltr'>Ha5e&#39;&#39;</span> <span class='ocrx_word' id='word_1_237' title='bbox 623 1806 649 1827; x_wconf 87' lang='lat' dir='ltr'>et</span> <span class='ocrx_word' id='word_1_238' title='bbox 669 1803 860 1834; x_wconf 83' lang='lat' dir='ltr'>„Rheinisches</span> <span class='ocrx_word' id='word_1_239' title='bbox 878 1803 1000 1827; x_wconf 84' lang='lat' dir='ltr'>Museum</span> <span class='ocrx_word' id='word_1_240' title='bbox 1019 1804 1063 1827; x_wconf 74' lang='lat' dir='ltr'>sur</span> <span class='ocrx_word' id='word_1_241' title='bbox 1082 1803 1250 1834; x_wconf 71' lang='lat' dir='ltr'>philologie’&#39;,</span> <span class='ocrx_word' id='word_1_242' title='bbox 1269 1803 1301 1827; x_wconf 90' lang='lat' dir='ltr'>de</span> <span class='ocrx_word' id='word_1_243' title='bbox 1319 1803 1417 1834; x_wconf 84' lang='lat' dir='ltr'>quibus</span> <span class='ocrx_word' id='word_1_244' title='bbox 1435 1803 1491 1827; x_wconf 84' lang='lat' dir='ltr'>suis</span> 
     </span>
     <span class='ocr_line' id='line_1_29' title="bbox 275 1843 626 1873; baseline 0.006 -8"><span class='ocrx_word' id='word_1_245' title='bbox 275 1843 337 1866; x_wconf 80' lang='lat' dir='ltr'>locis</span> <span class='ocrx_word' id='word_1_246' title='bbox 354 1843 540 1873; x_wconf 83' lang='lat' dir='ltr'>disputaturus</span> <span class='ocrx_word' id='word_1_247' title='bbox 557 1851 626 1867; x_wconf 66' lang='lat' dir='ltr'>sum,</span> 
     </span>
    </p>

    <p class='ocr_par' dir='ltr' id='par_1_12' title="bbox 273 1881 1491 2066">
     <span class='ocr_line' id='line_1_30' title="bbox 307 1881 1490 1917; baseline 0.002 -12"><span class='ocrx_word' id='word_1_248' title='bbox 307 1881 334 1912; x_wconf 61' lang='lat'>⁸3)</span> <span class='ocrx_word' id='word_1_249' title='bbox 352 1882 399 1906; x_wconf 76' lang='lat' dir='ltr'>le.</span> <span class='ocrx_word' id='word_1_250' title='bbox 418 1882 661 1917; x_wconf 77' lang='lat' dir='ltr'>Commentationos</span> <span class='ocrx_word' id='word_1_251' title='bbox 679 1883 787 1906; x_wconf 84' lang='lat' dir='ltr'>Latinae</span> <span class='ocrx_word' id='word_1_252' title='bbox 806 1883 899 1906; x_wconf 78' lang='lat' dir='ltr'>tertiae</span> <span class='ocrx_word' id='word_1_253' title='bbox 918 1882 1020 1912; x_wconf 79' lang='lat' dir='ltr'>Classis,</span> <span class='ocrx_word' id='word_1_254' title='bbox 1039 1890 1062 1906; x_wconf 87' lang='lat' dir='ltr'>a.</span> <span class='ocrx_word' id='word_1_255' title='bbox 1082 1881 1155 1911; x_wconf 78' lang='lat'>1836,</span> <span class='ocrx_word' id='word_1_256' title='bbox 1173 1889 1197 1913; x_wconf 84' lang='lat' dir='ltr'>p.</span> <span class='ocrx_word' id='word_1_257' title='bbox 1219 1882 1303 1906; x_wconf 63' lang='lat' dir='ltr'>xxm</span> <span class='ocrx_word' id='word_1_258' title='bbox 1313 1885 1339 1906; x_wconf 91' lang='lat' dir='ltr'>et</span> <span class='ocrx_word' id='word_1_259' title='bbox 1350 1882 1490 1914; x_wconf 83' lang='lat' dir='ltr'>„Gedenk-</span> 
     </span>
     <span class='ocr_line' id='line_1_31' title="bbox 274 1921 1489 1953; baseline 0.001 -9"><span class='ocrx_word' id='word_1_260' title='bbox 274 1921 403 1945; x_wconf 76' lang='lat' dir='ltr'>sehristen</span> <span class='ocrx_word' id='word_1_261' title='bbox 422 1922 449 1946; x_wconf 88' lang='lat' dir='ltr'>in</span> <span class='ocrx_word' id='word_1_262' title='bbox 466 1922 498 1946; x_wconf 88' lang='lat' dir='ltr'>de</span> <span class='ocrx_word' id='word_1_263' title='bbox 518 1923 734 1953; x_wconf 78' lang='lat' dir='ltr'>hedendaagsehe</span> <span class='ocrx_word' id='word_1_264' title='bbox 752 1922 832 1946; x_wconf 82' lang='lat' dir='ltr'>Talen</span> <span class='ocrx_word' id='word_1_265' title='bbox 852 1930 902 1946; x_wconf 77' lang='lat' dir='ltr'>van</span> <span class='ocrx_word' id='word_1_266' title='bbox 920 1922 952 1946; x_wconf 86' lang='lat' dir='ltr'>de</span> <span class='ocrx_word' id='word_1_267' title='bbox 972 1922 1052 1946; x_wconf 83' lang='lat' dir='ltr'>derde</span> <span class='ocrx_word' id='word_1_268' title='bbox 1071 1922 1182 1952; x_wconf 77' lang='lat' dir='ltr'>klasse‘&#39;,</span> <span class='ocrx_word' id='word_1_269' title='bbox 1202 1922 1257 1946; x_wconf 74' lang='lat' dir='ltr'>Vol.</span> <span class='ocrx_word' id='word_1_270' title='bbox 1275 1921 1316 1946; x_wconf 86' lang='lat' dir='ltr'>Vl.</span> <span class='ocrx_word' id='word_1_271' title='bbox 1334 1929 1357 1946; x_wconf 82' lang='lat' dir='ltr'>a.</span> <span class='ocrx_word' id='word_1_272' title='bbox 1372 1921 1438 1945; x_wconf 83' lang='lat'>1848</span> <span class='ocrx_word' id='word_1_273' title='bbox 1449 1923 1489 1946; x_wconf 83' lang='lat' dir='ltr'>vel</span> 
     </span>
     <span class='ocr_line' id='line_1_32' title="bbox 274 1961 1491 1994; baseline 0.001 -10"><span class='ocrx_word' id='word_1_274' title='bbox 274 1961 339 1985; x_wconf 83' lang='lat'>1855</span> <span class='ocrx_word' id='word_1_275' title='bbox 365 1962 429 1985; x_wconf 89' lang='lat' dir='ltr'>editi</span> <span class='ocrx_word' id='word_1_276' title='bbox 457 1970 480 1992; x_wconf 86' lang='lat' dir='ltr'>p.</span> <span class='ocrx_word' id='word_1_277' title='bbox 505 1961 551 1992; x_wconf 80' lang='lat' dir='ltr'>ss7;</span> <span class='ocrx_word' id='word_1_278' title='bbox 578 1963 605 1986; x_wconf 89' lang='lat' dir='ltr'>in</span> <span class='ocrx_word' id='word_1_279' title='bbox 631 1962 728 1994; x_wconf 85' lang='lat' dir='ltr'>quibus</span> <span class='ocrx_word' id='word_1_280' title='bbox 751 1964 910 1993; x_wconf 74' lang='lat' dir='ltr'>argumenta</span> <span class='ocrx_word' id='word_1_281' title='bbox 929 1961 1011 1986; x_wconf 88' lang='lat' dir='ltr'>Geelii</span> <span class='ocrx_word' id='word_1_282' title='bbox 1032 1962 1158 1985; x_wconf 85' lang='lat' dir='ltr'>orationis</span> <span class='ocrx_word' id='word_1_283' title='bbox 1179 1969 1273 1992; x_wconf 83' lang='lat' dir='ltr'>parum</span> <span class='ocrx_word' id='word_1_284' title='bbox 1293 1961 1363 1985; x_wconf 85' lang='lat' dir='ltr'>inter</span> <span class='ocrx_word' id='word_1_285' title='bbox 1382 1969 1409 1985; x_wconf 85' lang='lat' dir='ltr'>se</span> <span class='ocrx_word' id='word_1_286' title='bbox 1428 1969 1491 1985; x_wconf 89' lang='lat' dir='ltr'>con-</span> 
     </span>
     <span class='ocr_line' id='line_1_33' title="bbox 274 2001 1490 2033; baseline 0.001 -9"><span class='ocrx_word' id='word_1_287' title='bbox 274 2004 382 2031; x_wconf 74' lang='lat' dir='ltr'>gruunt.</span> <span class='ocrx_word' id='word_1_288' title='bbox 401 2002 483 2032; x_wconf 73' lang='lat' dir='ltr'>Magis</span> <span class='ocrx_word' id='word_1_289' title='bbox 503 2009 596 2026; x_wconf 79' lang='lat' dir='ltr'>verum</span> <span class='ocrx_word' id='word_1_290' title='bbox 615 2002 746 2033; x_wconf 74' lang='lat' dir='ltr'>attingere</span> <span class='ocrx_word' id='word_1_291' title='bbox 765 2002 829 2025; x_wconf 92' lang='lat' dir='ltr'>mihi</span> <span class='ocrx_word' id='word_1_292' title='bbox 851 2002 955 2026; x_wconf 81' lang='lat' dir='ltr'>videtur</span> <span class='ocrx_word' id='word_1_293' title='bbox 973 2002 1007 2031; x_wconf 85' lang='lat' dir='ltr'>id,</span> <span class='ocrx_word' id='word_1_294' title='bbox 1023 2002 1091 2032; x_wconf 86' lang='lat' dir='ltr'>quod</span> <span class='ocrx_word' id='word_1_295' title='bbox 1103 2001 1277 2025; x_wconf 75' lang='lat' dir='ltr'>inveniturin</span> <span class='ocrx_word' id='word_1_296' title='bbox 1288 2001 1490 2032; x_wconf 76' lang='lat' dir='ltr'>Histo1·ia,quae</span> 
     </span>
     <span class='ocr_line' id='line_1_34' title="bbox 273 2040 847 2066; baseline 0.003 -3"><span class='ocrx_word' id='word_1_297' title='bbox 273 2040 546 2065; x_wconf 81' lang='lat' dir='ltr'>Commentationibus</span> <span class='ocrx_word' id='word_1_298' title='bbox 564 2042 665 2065; x_wconf 85' lang='lat' dir='ltr'>Latinis</span> <span class='ocrx_word' id='word_1_299' title='bbox 682 2042 781 2065; x_wconf 82' lang='lat' dir='ltr'>inserta</span> <span class='ocrx_word' id='word_1_300' title='bbox 799 2044 847 2066; x_wconf 85' lang='lat' dir='ltr'>est.</span> 
     </span>
    </p>

    <p class='ocr_par' dir='ltr' id='par_1_13' title="bbox 274 2079 1490 2152">
     <span class='ocr_line' id='line_1_35' title="bbox 306 2079 1490 2111; baseline 0 -7"><span class='ocrx_word' id='word_1_301' title='bbox 306 2079 333 2109; x_wconf 86' lang='lat'>3)</span> <span class='ocrx_word' id='word_1_302' title='bbox 352 2080 436 2108; x_wconf 80' lang='lat' dir='ltr'>Quam</span> <span class='ocrx_word' id='word_1_303' title='bbox 463 2081 606 2111; x_wconf 84' lang='lat' dir='ltr'>epistulam</span> <span class='ocrx_word' id='word_1_304' title='bbox 624 2084 702 2105; x_wconf 81' lang='lat' dir='ltr'>autea</span> <span class='ocrx_word' id='word_1_305' title='bbox 720 2081 927 2105; x_wconf 81' lang='lat' dir='ltr'>communicavit</span> <span class='ocrx_word' id='word_1_306' title='bbox 946 2088 1007 2105; x_wconf 80' lang='lat' dir='ltr'>cum</span> <span class='ocrx_word' id='word_1_307' title='bbox 1026 2081 1103 2105; x_wconf 81' lang='lat' dir='ltr'>sociis</span> <span class='ocrx_word' id='word_1_308' title='bbox 1121 2080 1216 2105; x_wconf 80' lang='lat' dir='ltr'>Classis</span> <span class='ocrx_word' id='word_1_309' title='bbox 1237 2080 1329 2104; x_wconf 80' lang='lat' dir='ltr'>tertiae</span> <span class='ocrx_word' id='word_1_310' title='bbox 1347 2081 1391 2111; x_wconf 82' lang='lat' dir='ltr'>(cs.</span> <span class='ocrx_word' id='word_1_311' title='bbox 1412 2080 1490 2104; x_wconf 85' lang='lat' dir='ltr'>Insti-</span> 
     </span>
     <span class='ocr_line' id='line_1_36' title="bbox 274 2120 836 2152; baseline 0.002 -9"><span class='ocrx_word' id='word_1_312' title='bbox 274 2120 324 2143; x_wconf 88' lang='lat' dir='ltr'>tuti</span> <span class='ocrx_word' id='word_1_313' title='bbox 344 2120 573 2150; x_wconf 82' lang='lat' dir='ltr'>Renuntiationes,</span> <span class='ocrx_word' id='word_1_314' title='bbox 592 2128 614 2144; x_wconf 83' lang='lat' dir='ltr'>a.</span> <span class='ocrx_word' id='word_1_315' title='bbox 634 2120 707 2150; x_wconf 79' lang='lat'>1841,</span> <span class='ocrx_word' id='word_1_316' title='bbox 726 2129 749 2152; x_wconf 88' lang='lat' dir='ltr'>p.</span> <span class='ocrx_word' id='word_1_317' title='bbox 768 2120 836 2150; x_wconf 81' lang='lat'>190).</span> 
     </span>
    </p>

    <p class='ocr_par' dir='ltr' id='par_1_14' title="bbox 305 2159 1217 2191">
     <span class='ocr_line' id='line_1_37' title="bbox 305 2159 1217 2191; baseline 0.001 -9"><span class='ocrx_word' id='word_1_318' title='bbox 305 2159 331 2189; x_wconf 78' lang='lat'>4)</span> <span class='ocrx_word' id='word_1_319' title='bbox 350 2159 386 2182; x_wconf 81' lang='lat' dir='ltr'>Cf.</span> <span class='ocrx_word' id='word_1_320' title='bbox 406 2159 656 2191; x_wconf 78' lang='lat' dir='ltr'>Gedenkschristen‚</span> <span class='ocrx_word' id='word_1_321' title='bbox 674 2160 728 2184; x_wconf 87' lang='lat' dir='ltr'>Vol.</span> <span class='ocrx_word' id='word_1_322' title='bbox 748 2160 789 2191; x_wconf 63' lang='lat' dir='ltr'>VI,</span> <span class='ocrx_word' id='word_1_323' title='bbox 807 2160 847 2184; x_wconf 86' lang='lat' dir='ltr'>ed.</span> <span class='ocrx_word' id='word_1_324' title='bbox 865 2168 887 2184; x_wconf 81' lang='lat' dir='ltr'>a.</span> <span class='ocrx_word' id='word_1_325' title='bbox 907 2159 1057 2189; x_wconf 76' lang='lat'>18481855,</span> <span class='ocrx_word' id='word_1_326' title='bbox 1076 2168 1099 2191; x_wconf 84' lang='lat' dir='ltr'>p.</span> <span class='ocrx_word' id='word_1_327' title='bbox 1118 2159 1158 2189; x_wconf 79' lang='lat'>(39,</span> <span class='ocrx_word' id='word_1_328' title='bbox 1178 2159 1217 2183; x_wconf 86' lang='lat'>70.</span> 
     </span>
    </p>

    <p class='ocr_par' dir='ltr' id='par_1_15' title="bbox 273 2198 1490 2269">
     <span class='ocr_line' id='line_1_38' title="bbox 306 2198 1490 2231; baseline 0.001 -9"><span class='ocrx_word' id='word_1_329' title='bbox 306 2198 332 2229; x_wconf 80' lang='lat'>5)</span> <span class='ocrx_word' id='word_1_330' title='bbox 352 2199 390 2222; x_wconf 89' lang='lat' dir='ltr'>Ita</span> <span class='ocrx_word' id='word_1_331' title='bbox 418 2199 556 2223; x_wconf 79' lang='lat' dir='ltr'>Karstenio</span> <span class='ocrx_word' id='word_1_332' title='bbox 574 2207 622 2223; x_wconf 86' lang='lat' dir='ltr'>suo</span> <span class='ocrx_word' id='word_1_333' title='bbox 638 2200 662 2224; x_wconf 87' lang='lat' dir='ltr'>d.</span> <span class='ocrx_word' id='word_1_334' title='bbox 682 2199 713 2223; x_wconf 85' lang='lat'>18</span> <span class='ocrx_word' id='word_1_335' title='bbox 733 2207 768 2224; x_wconf 86' lang='lat' dir='ltr'>m.</span> <span class='ocrx_word' id='word_1_336' title='bbox 788 2200 854 2231; x_wconf 75' lang='lat' dir='ltr'>Aug.</span> <span class='ocrx_word' id='word_1_337' title='bbox 874 2199 938 2223; x_wconf 78' lang='grc'><strong>1837</strong></span> <span class='ocrx_word' id='word_1_338' title='bbox 958 2199 1063 2230; x_wconf 76' lang='lat' dir='ltr'>scripsit</span> <span class='ocrx_word' id='word_1_339' title='bbox 1082 2200 1210 2230; x_wconf 86' lang='lat' dir='ltr'>(epistula</span> <span class='ocrx_word' id='word_1_340' title='bbox 1230 2201 1382 2223; x_wconf 77' lang='lat' dir='ltr'>asservatur</span> <span class='ocrx_word' id='word_1_341' title='bbox 1400 2199 1427 2223; x_wconf 85' lang='lat' dir='ltr'>in</span> <span class='ocrx_word' id='word_1_342' title='bbox 1447 2199 1490 2223; x_wconf 90' lang='lat' dir='ltr'>Bi-</span> 
     </span>
     <span class='ocr_line' id='line_1_39' title="bbox 273 2238 597 2269; baseline 0.006 -8"><span class='ocrx_word' id='word_1_343' title='bbox 273 2238 402 2261; x_wconf 79' lang='lat' dir='ltr'>bliotheca</span> <span class='ocrx_word' id='word_1_344' title='bbox 422 2239 503 2269; x_wconf 77' lang='lat' dir='ltr'>Lugd.</span> <span class='ocrx_word' id='word_1_345' title='bbox 522 2239 597 2268; x_wconf 83' lang='lat' dir='ltr'>Bat.).</span> 
     </span>
    </p>

    <p class='ocr_par' dir='ltr' id='par_1_16' title="bbox 272 2277 1491 2349">
     <span class='ocr_line' id='line_1_40' title="bbox 305 2277 1491 2309; baseline 0.001 -8"><span class='ocrx_word' id='word_1_346' title='bbox 305 2278 371 2301; x_wconf 84' lang='lat' dir='ltr'>Eum</span> <span class='ocrx_word' id='word_1_347' title='bbox 399 2278 588 2302; x_wconf 74' lang='lat' dir='ltr'>Amstelodami</span> <span class='ocrx_word' id='word_1_348' title='bbox 615 2279 867 2302; x_wconf 82' lang='lat' dir='ltr'>commentationem</span> <span class='ocrx_word' id='word_1_349' title='bbox 894 2278 962 2302; x_wconf 79' lang='lat' dir='ltr'>hanc</span> <span class='ocrx_word' id='word_1_350' title='bbox 990 2279 1113 2302; x_wconf 77' lang='lat' dir='ltr'>recitasse</span> <span class='ocrx_word' id='word_1_351' title='bbox 1140 2280 1249 2309; x_wconf 79' lang='lat' dir='ltr'>apparet</span> <span class='ocrx_word' id='word_1_352' title='bbox 1279 2285 1309 2301; x_wconf 82' lang='lat' dir='ltr'>ex</span> <span class='ocrx_word' id='word_1_353' title='bbox 1337 2277 1428 2307; x_wconf 71' lang='lat' dir='ltr'>dian-io⁷</span> <span class='ocrx_word' id='word_1_354' title='bbox 1447 2278 1491 2302; x_wconf 81' lang='lat' dir='ltr'>cui</span> 
     </span>
     <span class='ocr_line' id='line_1_41' title="bbox 272 2317 942 2349; baseline 0.003 -9"><span class='ocrx_word' id='word_1_355' title='bbox 272 2324 367 2340; x_wconf 82' lang='lat' dir='ltr'>nomen</span> <span class='ocrx_word' id='word_1_356' title='bbox 389 2317 435 2348; x_wconf 79' lang='lat' dir='ltr'>„de</span> <span class='ocrx_word' id='word_1_357' title='bbox 455 2317 541 2347; x_wconf 67' lang='lat' dir='ltr'>Gids‘’,</span> <span class='ocrx_word' id='word_1_358' title='bbox 560 2325 582 2342; x_wconf 78' lang='lat' dir='ltr'>a,</span> <span class='ocrx_word' id='word_1_359' title='bbox 601 2317 674 2349; x_wconf 78' lang='lat'>1906,</span> <span class='ocrx_word' id='word_1_360' title='bbox 694 2321 760 2349; x_wconf 80' lang='lat' dir='ltr'>part.</span> <span class='ocrx_word' id='word_1_361' title='bbox 778 2319 821 2342; x_wconf 85' lang='grc' dir='ltr'>ΙΙΙ,</span> <span class='ocrx_word' id='word_1_362' title='bbox 841 2326 865 2348; x_wconf 86' lang='lat' dir='ltr'>p.</span> <span class='ocrx_word' id='word_1_363' title='bbox 884 2317 942 2342; x_wconf 79' lang='lat'>197.</span> 
     </span>
    </p>
   </div>
  </div>
 </body>
</html>
