1673 2768
709 304 749 332 35

169 393 294 433 „Huius
319 394 398 435 ego''
424 413 463 417 —
490 396 533 426 ita
557 395 632 426 Geel
657 397 758 436 pergit
781 414 819 417 —
837 396 931 434 „dicti
956 396 1146 426 sententiam
1161 396 1245 427 haud
1262 398 1338 427 satis

123 450 324 491 assequebar,
359 451 426 482 sive
461 451 606 482 tarditate
642 451 778 492 quadam
815 461 892 489 mea,
929 452 995 482 sive
1027 452 1112 492 quod
1144 452 1336 492 ignorabam,

122 516 202 547 quae
227 510 309 537 esset
332 506 509 538 Literarum
536 509 704 548 omnisque
724 508 932 539 humanitatis
953 508 1090 538 conditio
1112 509 1143 538 in
1159 508 1338 548 Germania,

121 572 267 603 quaeque
300 563 501 603 ingeniorum
539 565 571 594 in
604 566 774 604 utramque
798 566 917 604 partem
944 563 1048 594 subita
1073 565 1245 594 conversio.
1271 563 1337 595 Nos

120 623 204 649 certe
234 618 371 649 Batavos
400 623 514 650 natura
538 619 668 660 plumbo
691 621 852 660 graviores
877 619 980 658 finxit,
1004 622 1039 649 ut
1063 620 1095 649 in
1121 622 1334 651 extremorum

119 675 229 715 spatio,
264 675 348 715 quod
383 685 437 706 vos
473 686 566 717 saepe
590 676 778 707 brevissimo
803 676 962 707 curriculo
987 677 1140 715 traiicitis,
1163 676 1241 707 lenti
1265 677 1338 707 hae-

119 740 324 762 reamus....
348 731 486 763 Domum
510 733 613 763 redux
637 743 738 764 unum
760 733 959 773 alterumque
980 733 1040 773 legi
1055 732 1093 763 de
1106 733 1336 764 recentioribus

116 787 206 818 libris
242 787 429 819 Germanice
465 789 601 829 scriptis,
635 799 770 830 quorum
807 789 891 829 apud
927 799 982 819 vos
1018 789 1131 829 ingens
1163 790 1335 829 quotannis

118 844 290 875 multitudo
337 846 484 886 erumpit,
520 846 662 886 mihique
698 846 787 876 visus
821 855 892 876 sum
928 845 1105 886 intelligere
1141 845 1218 886 quid
1253 848 1336 877 esset

117 900 194 931 illud
220 901 359 942 plurium
386 901 588 941 desiderium,
613 904 706 933 cuius
731 903 878 943 cogitatio
903 906 933 933 te
955 901 1153 933 sollicitabat.
1173 901 1334 932 Nimirum

118 955 214 988 didici
238 967 379 989 crescere
403 959 434 988 in
461 958 527 989 dies
552 968 723 989 numerum
746 968 867 998 eorum,
893 959 947 999 qui
973 958 1125 989 Veterum
1139 958 1334 999 Scriptorum

117 1014 344 1054 interpretibus
390 1015 640 1055 aucupium
688 1015 983 1054 syllabarum
1019 1018 1049 1045 et
1084 1014 1335 1046 vocabulo—

116 1080 165 1100 ru
180 1080 208 1100 m
246 1080 263 1101 a
277 1071 295 1101 d
309 1081 324 1101 r
337 1081 354 1101 O
369 1072 436 1102 sio
451 1081 469 1101 n
485 1081 501 1102 e
515 1081 543 1101 m
581 1071 620 1102 ad
656 1081 807 1102 nauseam
844 1081 948 1112 usque
984 1071 1147 1110 obiiciunt,
1171 1073 1263 1112 quasi
1287 1072 1334 1102 his

117 1126 216 1158 beatis
240 1136 310 1158 esse
334 1137 392 1158 suo
418 1128 511 1158 modo
536 1137 599 1158 non
624 1128 744 1167 liceret,
764 1131 819 1158 aut
839 1128 903 1158 illis
916 1127 1096 1158 inviderent
1109 1127 1333 1158 difficultatum

117 1184 354 1215 concoctionem
392 1184 574 1225 callumque
606 1188 636 1215 et
660 1186 860 1225 asperitatem
887 1184 1048 1215 stomachi.
1073 1183 1182 1225 Longa
1206 1185 1333 1225 querela

117 1243 174 1279 est,
199 1240 364 1271 Welckere
388 1241 668 1281 praestantissime,
693 1241 858 1281 multaque
882 1241 943 1271 iam
967 1241 1050 1271 dicta
1074 1243 1149 1271 sunt
1169 1241 1201 1271 in
1215 1243 1332 1271 utram-

116 1306 178 1337 que
213 1300 332 1337 partem
371 1298 439 1328 sine
475 1307 590 1338 magno
626 1300 751 1328 eventu.
786 1297 864 1327 Mihi
898 1297 1012 1338 quid1)
1043 1297 1196 1337 videatur,
1222 1298 1333 1338 paucis

115 1353 222 1384 verbis
246 1354 401 1394 aperiam:
428 1354 513 1394 quod
537 1355 605 1385 sive
629 1356 713 1385 recto
739 1354 856 1384 iudicio
878 1355 945 1384 sive
959 1363 1063 1384 errore
1077 1354 1198 1392 dixero,
1211 1353 1331 1384 dixisse

114 1409 245 1440 iuvabit.
270 1409 429 1440 Nimirum
454 1410 680 1451 aucupandum
706 1413 736 1441 et
760 1410 937 1441 rodendum
963 1419 1031 1441 esse
1055 1411 1103 1449 iis,
1129 1411 1185 1450 qui
1209 1413 1332 1441 utrum-

115 1475 177 1506 que
202 1468 261 1497 rite
284 1466 386 1498 facere
411 1468 522 1506 sciant,
545 1468 666 1508 quique
689 1466 859 1497 artificium
885 1467 943 1497 hoc
966 1467 1149 1507 ignorantes
1171 1470 1331 1507 spernant,

114 1523 171 1553 hos
194 1523 349 1554 facessere
373 1523 537 1554 iubendos.
563 1523 630 1554 Vos
655 1523 817 1563 Germani,
842 1526 999 1564 quotquot
1012 1524 1243 1564 Antiquitatem
1258 1532 1332 1554 vere

113 1580 375 1620 interpretamini,
399 1581 535 1621 pergite:
560 1590 618 1611 nos
642 1580 755 1611 Batavi
779 1590 835 1621 pro
860 1581 978 1611 nostris
1002 1579 1125 1611 viribus
1139 1579 1330 1611 iuvabimus.

113 1635 182 1677 Ego
216 1638 322 1667 autem
360 1646 521 1677 nusquam
558 1638 657 1677 magis
693 1637 788 1675 sensi,
812 1639 931 1677 quanta
956 1637 1003 1667 vis
1028 1639 1111 1667 esset
1134 1636 1328 1675 syllabarum

113 1695 143 1723 et
167 1692 404 1732 vocabulorum,
429 1703 523 1733 quam
550 1694 582 1723 in
607 1694 674 1733 ipsa
699 1693 756 1723 hac
780 1693 873 1724 Poe'si
898 1691 1252 1732 Stesichorea'’,....²).

157 1748 281 1785 Quibus
306 1749 411 1780 verbis
436 1749 536 1780 Geelii
560 1749 715 1780 iudicium
740 1752 802 1780 tam
829 1750 867 1780 de
892 1750 948 1780 hac
969 1750 1155 1790 quaestione
1176 1749 1329 1780 Stesicho-

112 1814 165 1836 rea
190 1815 285 1846 quam
311 1806 350 1837 de
373 1807 533 1837 universis
558 1806 674 1837 studiis
698 1806 861 1837 literarum
886 1809 1029 1836 veterum
1054 1807 1171 1836 iterum
1193 1808 1328 1846 apparet.

113 1861 276 1903 Quidquid
311 1862 364 1893 alii
399 1863 503 1894 moliti
539 1865 623 1902 sunt,
656 1866 691 1893 ut
715 1863 875 1903 „plurium
902 1861 1079 1893 desiderio’'
1104 1862 1329 1901 satisfacerent,

111 1918 172 1949 sibi
206 1919 285 1949 nihil
321 1919 409 1950 aliud
444 1919 601 1960 agendum
638 1919 764 1960 delegit,
798 1919 860 1950 nisi
886 1921 921 1949 ut
945 1919 1112 1949 traditione
1137 1918 1274 1949 stabilita
1298 1922 1328 1949 et

111 1975 278 2006 emendata
302 1976 403 2016 magis
427 1976 593 2016 magisque
618 1975 828 2006 delectaretur
841 1973 873 2012 3),

143 2123 170 2153 1)
189 2123 218 2148 In
236 2123 350 2154 epistula
368 2125 453 2147 exstat
471 2123 621 2155 „quidem‘·.

143 2162 169 2193 2)
189 2163 223 2187 1,1.
242 2170 266 2193 p.
285 2162 308 2191 2,
327 2161 350 2187 3.

143 2201 170 2232 3)
188 2202 249 2226 Tale
267 2202 340 2232 quid,
357 2202 402 2226 sed
420 2202 555 2232 aliquanto
574 2201 720 2232 pulchrius,
740 2201 806 2225 A.E.
816 2200 836 2225 J.
847 2200 985 2224 Holwerda
1004 2201 1035 2224 de
1054 2201 1150 2225 Cobeto
1169 2201 1273 2231 scripsit
1286 2202 1323 2231 (in

111 2241 201 2271 diario,
220 2241 263 2265 cui
283 2248 379 2265 nomen
398 2241 446 2273 „de
465 2241 553 2270 Gids'',
570 2249 591 2264 a.
610 2240 676 2264 1890
695 2241 745 2264 vol.
760 2240 802 2264 111.
822 2239 928 2270 p.437):
948 2239 1047 2272 „Gelijk
1060 2241 1103 2264 het
1115 2241 1222 2264 antieke
1232 2240 1326 2264 kunst-

111 2281 207 2305 schoon
227 2288 276 2304 aan
295 2280 346 2304 den
366 2283 437 2311 geest
457 2288 506 2304 van
518 2288 633 2304 mannen
645 2280 682 2303 als
693 2279 810 2303 Leonard
821 2287 854 2303 eu
866 2280 955 2303 Rasael
966 2280 1022 2303 zich
1032 2280 1070 2303 als
1081 2280 1125 2303 het
1137 2288 1205 2304 ware
1215 2280 1324 2311 oplegde

111 2327 144 2344 en
164 2320 194 2352 zij
214 2320 269 2344 zich
288 2320 344 2344 niet
363 2320 516 2351 verzadigen
536 2320 641 2343 konden
661 2322 714 2343 met
733 2319 800 2343 oude
820 2319 1013 2343 kunstwerken
1033 2322 1057 2343 te
1077 2320 1270 2344 aanschouwen
1292 2327 1325 2344 en
