1673 2768
841 280 901 310 138

264 372 388 402 werden
415 372 587 403 wiederum
614 372 774 402 Valkeniir
798 372 862 402 und
889 372 938 402 die
963 371 1119 401 herrliche
1142 369 1251 401 Lesart
1274 369 1382 400 ἑκοῦσιν
1407 371 1479 401 sehr

262 428 396 458 trefflich
433 438 532 469 gegen
569 428 662 458 Klotz
699 428 765 458 und
800 427 964 458 Hermann
988 426 1231 467 gerechtfertigt.
1255 425 1402 457 Eteokles
1426 427 1480 457 hat

263 485 363 515 durch
389 485 439 515 die
466 485 745 525 Ungerechtigkeit
769 494 869 524 gegen
892 484 1001 514 seinen
1024 483 1148 513 Bruder
1161 483 1220 513 den
1235 482 1332 523 Krieg
1354 483 1479 513 muth-

264 541 397 582 willig
434 542 692 572 veranlasst:
719 541 802 571 diess
828 540 937 580 besagt
962 540 1016 570 der
1040 539 1211 570 Ausdruck
1232 539 1343 569 ἑκοῦσιν
1362 540 1394 569 in
1408 539 1481 570 sehr

264 597 463 628 schonender
488 596 623 628 Weise’'.

309 653 362 684 Vs.
388 655 450 684 519
476 664 538 694 sq.:
764 653 851 682 ἐκεῖνο
877 652 963 690 δὀὑχ
989 651 1057 682 ἑκὼν
1081 652 1257 689 μεθήσομκι.

566 708 671 747 ἄρχειν
696 708 784 746 παρόν
810 719 869 745 μοι,
895 707 969 746 τῷδε
995 706 1140 738 δουλεύσω
1167 719 1259 745 ποτες
1486 743 1489 745 ¹

265 766 372 797 Codex
397 770 420 796 E
447 776 501 807 pro
527 765 670 796 δουλεύσω
704 765 796 795 habet
822 764 988 795 δουλεῦσαι.
1013 764 1176 795 Kirchbofl
1200 765 1317 795 delevit
1343 774 1386 795 vs.
1409 764 1482 803 520,

265 833 359 862 quem
397 826 527 853 secutus
559 825 606 853 est
632 821 803 852 Wecklein.
829 821 903 852 Geel
928 824 1033 851 autem
1059 821 1278 851 emendatione
1303 829 1352 851 me
1376 821 1482 851 iudice

266 879 478 919 pulcherrima
521 878 694 915 μκθήσομκι
740 878 849 916 (simul
893 880 1012 908 mutato
1055 876 1200 907 δουλεύσω
1242 878 1274 907 in
1312 876 1482 913 δουλεῦσαι)

267 945 310 965 vs.
347 936 409 965 520
446 944 574 976 quoque
608 935 755 965 servavit.
793 933 942 974 Hartung
958 932 978 972 1)
1014 933 1187 970 μκθήσομκι
1218 933 1375 963 infelicem
1408 933 1483 963 dicit

266 991 365 1022 Geelii
389 992 653 1029 emendationem,
679 991 748 1029 „bei
774 991 908 1021 welcher
933 990 988 1021 das
1014 989 1104 1020 dabei
1130 989 1282 1020 stehende
1305 988 1374 1019 ἑκών
1395 989 1483 1019 nicht

266 1058 328 1078 von
353 1049 417 1078 ihm
445 1048 587 1078 beachtet
611 1047 739 1077 worden
765 1046 835 1078 ist'’.
861 1046 932 1077 Non
957 1046 1115 1086 intellego.
1128 1045 1266 1086 Recepta
1279 1046 1363 1076 enim
1377 1055 1482 1075 emen-

266 1105 392 1135 datione
418 1104 587 1135 verborum
613 1104 780 1140 sententia,
805 1113 900 1144 quam
927 1102 1001 1134 Geel
1026 1103 1200 1142 descripsit,
1221 1102 1297 1132 haec
1318 1105 1380 1132 est:
1400 1111 1482 1141 „non

267 1165 329 1192 tam
357 1161 468 1191 docilis
492 1171 563 1192 sum
590 1164 625 1191 ut
649 1161 769 1191 servire
793 1160 940 1190 lubenter
964 1159 1084 1190 discere
1108 1159 1214 1198 velim,
1240 1169 1339 1199 quum
1353 1168 1485 1199 regnare

267 1218 416 1258 possim'‘.
441 1217 474 1248 Si
498 1220 653 1258 punctum
681 1220 821 1248 maneret
846 1219 915 1257 post
940 1215 1115 1253 μεθήσομκι,
1141 1225 1186 1246 vs.
1209 1215 1271 1245 520
1293 1215 1483 1245 essetinter-

267 1275 397 1315 rogatio,
431 1275 484 1305 sed
510 1277 637 1315 propter
661 1284 706 1313 ea,
730 1283 813 1314 quae
837 1283 881 1303 vs.
909 1274 969 1302 521
996 1282 1064 1313 sqq.
1090 1275 1266 1312 sequantur
1290 1271 1371 1309 (πρὸς
1394 1271 1482 1301 ταῦτ’

268 1330 319 1362 ἴτω
344 1331 398 1368 μὲν
424 1333 490 1370 πῦρ,
518 1330 569 1361 ἴτω
594 1331 625 1361 δε
650 1330 799 1369 φάο-γραυχ
814 1354 819 1360 .
833 1355 839 1360 .
854 1355 858 1360 .
873 1354 880 1369 ,
905 1330 941 1364 ὡς
962 1329 993 1360 σύ
1008 1329 1129 1367 ’,ι-,χρήσω
1143 1328 1212 1366 τῷδ’
1227 1328 1300 1365 ἐμὴν
1312 1327 1484 1366 τυραννίδα)

267 1389 386 1429 requiri
410 1388 589 1418 affirmandi
613 1387 745 1418 formam
770 1387 945 1418 rectissime
970 1385 1044 1416 Geel
1073 1385 1262 1416 observavit.

312 1444 380 1475 Hac
411 1445 615 1475 annotatione
646 1443 745 1474 facete
777 1444 922 1474 illuditur
955 1442 1131 1481 Hermann,
1161 1442 1217 1482 qui
1244 1442 1295 1480 „in
1321 1441 1407 1471 omni
1431 1441 1486 1471 illa

268 1502 487 1542 praeceptione
519 1501 658 1531 sensisse
682 1500 816 1539 videtur,
840 1499 967 1530 difficile
991 1508 1060 1529 esse
1085 1499 1206 1529 exitum
1231 1498 1368 1538 reperire
1392 1507 1484 1537 argu-

267 1562 316 1589 tae
341 1558 596 1598 disputationis''.
623 1556 697 1587 Erat
722 1557 892 1597 disputatio
917 1556 955 1586 de
980 1555 1172 1594 discrimine,
1198 1554 1283 1595 quod
1307 1557 1389 1585 esset
1403 1555 1486 1584 inter

268 1614 421 1651 μεθίεσθαί
454 1626 482 1644 τι
519 1618 550 1645 et
581 1613 731 1651 μεθίεσθαί
754 1624 840 1648 τινας,
867 1613 904 1643 de
930 1622 993 1653 quo
1019 1611 1111 1642 Geel:
1142 1611 1238 1652 „quid
1263 1612 1360 1651 igitur
1384 1611 1486 1641 lucra-

269 1682 350 1711 mur,
386 1673 447 1702 nisi
482 1671 616 1702 fortasse
651 1671 719 1710 hoc,
753 1672 886 1709 σφκῖρκν
922 1668 1069 1706 μεθίεσθκι
1105 1678 1190 1699 esse:
1226 1668 1366 1708 globum,
1391 1677 1485 1708 quem

270 1739 366 1759 manu
402 1732 503 1759 totum
528 1727 836 1768 comprehendimus,
861 1727 1036 1763 dimittere3
1062 1724 1194 1763 σφαίραις
1219 1723 1368 1761 μεθίεσθαί
1394 1734 1485 1755 vero:

268 1785 408 1826 globum,
433 1786 525 1815 cuius
549 1788 672 1815 tantum
698 1787 817 1824 partem
843 1786 997 1822 tenemus,
1019 1780 1221 1812 dimittere?”

317 1842 370 1873 Vs.
404 1843 466 1872 578
495 1842 571 1882 legit
596 1839 771 1879 ὑπεκδράμῃ
789 1838 821 1876 2).
846 1839 946 1870 Docet
971 1839 1055 1880 apud
1080 1838 1265 1878 Euripidem
1291 1837 1488 1875 ὑπεκδραμεῖν

269 1909 354 1930 esse:
391 1899 534 1938 evadere,
558 1898 712 1939 effugere3
739 1897 950 1936 ὑπερδραμεῑνῑ
978 1905 1136 1937 superare.
1162 1894 1303 1925 Priorem
1328 1894 1487 1935 significa-

303 1992 328 2023 1)
348 1992 383 2016 l.l.
401 1992 450 2016 col.
469 1991 524 2015 460.
544 1991 574 2015 Κ.
594 1991 696 2015 Busche
715 1992 806 2014 contra
826 1990 852 2013 in
871 1988 962 2018 diario,
981 1988 1024 2012 cui
1043 1994 1139 2011 nomen
1159 1989 1198 2010 est
1219 1986 1356 2018 „Berliner
1374 1985 1487 2010 Philolo-

271 2032 359 2063 gische
379 2031 618 2059 Wochenschrifs',
637 2038 659 2054 a.
679 2029 740 2053 1901
762 2030 810 2053 col.
829 2028 894 2052 1284
914 2029 977 2052 haec
995 2027 1114 2057 scripsit:
1135 2025 1247 2059 „vs.5l9
1257 2025 1322 2049 wird
1333 2025 1399 2049 doch
1413 2025 1488 2056 wohl,

272 2079 348 2095 wenn
368 2079 428 2094 man
449 2071 497 2094 mit
516 2070 679 2101 W(ecklein)
697 2069 747 2093 den
768 2068 907 2099 folgenden
926 2067 991 2091 Vers
1010 2066 1119 2090 streicht
1138 2066 1190 2090 und
1211 2065 1284 2089 nieht
1302 2065 1349 2088 mit
1361 2064 1423 2088 Geel
1434 2065 1488 2089 und

271 2111 361 2134 Nauck
381 2110 518 2139 μαθήσομαι
538 2124 570 2127 -
588 2109 712 2133 δουλεῦσαι
730 2108 853 2138 schreibt,
872 2106 957 2130 ἐκείνου
976 2107 993 2130 f.
1012 2105 1084 2130 ἐκεῖνο
1103 2106 1270 2129 einzusetzen
1289 2104 1489 2128 sein''.Praeter

274 2150 421 2174 Nauck-ium
440 2150 520 2173 etiam
541 2150 676 2173 Hermann
695 2148 740 2179 (cs.
759 2148 839 2171 huius
858 2147 987 2171 Sectionis
1005 2153 1029 2177 p.
1048 2145 1107 2176 132)
1126 2152 1186 2169 cum
1205 2144 1294 2169 Geelio
1313 2144 1383 2168 fecit.

304 2190 331 2218 ⁶2)
351 2190 429 2220 Libri,
456 2190 502 2220 qui
528 2188 616 2213 Geelio
641 2188 694 2212 noti
713 2190 797 2218 erant,
816 2187 955 2217 praebent:
974 2184 1118 2214 ὑπεκδράμῃ.
1137 2184 1243 2209 Canteri
1262 2186 1308 2207 aut
1326 2183 1410 2208 Grotii
1428 2191 1489 2208 con-

272 2226 381 2257 iectura,
409 2236 476 2260 quae
504 2232 544 2252 est
569 2227 709 2257 ὑπερδράμῃ,
737 2228 875 2251 invenitur
901 2227 927 2250 in
955 2225 1043 2249 codice
1070 2224 1090 2248 G
1109 2227 1134 2248 et
1153 2224 1190 2248 sie
1208 2223 1301 2254 legisse
1321 2223 1489 2248 scholiastam

273 2272 344 2300 patet
371 2277 400 2292 ex
429 2268 649 2299 interpretatione
675 2268 745 2291 eius:
774 2266 886 2295 ὑπέρτερα
912 2265 1021 2295 γένηται.
1047 2265 1156 2288 Praeter
1182 2263 1334 2287 Geelianam
1361 2263 1490 2287 editiones

272 2316 371 2336 omneS,
391 2308 416 2332 ni
437 2308 519 2339 fallor,
537 2311 608 2332 recte
628 2307 754 2339 praebent
773 2304 914 2335 ὑπερδράμῃ.
