1673 2768
922 311 962 340 46

335 405 461 436 videtur
485 408 554 446 post
579 404 744 443 μκκρέρεο-σι
771 405 854 434 θεοῖο-ι
880 413 999 441 versus,
1027 404 1140 441 „cuius
1161 404 1237 434 haec
1257 403 1352 435 fuerit
1373 404 1546 435 sententia:

334 462 395 492 Ad
443 461 737 499 Dulichium,
784 470 869 501 quo
917 470 1005 491 eam
1056 459 1263 499 Phyleus
1310 470 1361 491 ex
1403 460 1549 500 Tegea

333 522 507 558 raptam
545 517 711 548 duxit''.

379 574 539 614 Goettling
560 577 649 614 putat
672 583 782 604 versus
803 574 931 604 tertium
955 577 985 603 et
1005 576 1153 612 quartum
1167 573 1335 613 fragmenti
1352 572 1518 613 „egregie”
1531 583 1546 603 a

336 630 443 661 Geelio
476 631 658 661 emendatos
691 639 769 667 esse,
801 630 1011 659 narrationem
1047 638 1121 659 vero
1153 629 1190 659 de
1215 628 1363 660 Dulichio
1388 639 1427 660 ex
1452 630 1548 660 altero

334 686 465 717 Hesiodi
490 687 668 727 fragmento
695 686 896 716 Eustathium
924 685 1051 715 haurire
1075 686 1217 725 potuisse
1240 686 1386 716 ostendit.

797 967 978 998 CAPUT
1023 967 1086 998 IV.

565 1061 672 1092 GEELII
696 1070 811 1091 IUDICIA
835 1071 875 1091 DE
899 1071 1018 1092 ALIENIS
1042 1070 1157 1092 STUDIIS
1180 1071 1328 1097 ANTIQUIS.

376 1153 445 1184 Hoc
481 1155 581 1194 capite
605 1157 735 1183 acturus
761 1163 833 1183 sum
859 1153 897 1184 de
922 1152 1029 1184 Geelio
1054 1154 1086 1183 in
1114 1153 1232 1191 diariis,
1258 1163 1339 1194 quae
1365 1153 1549 1184 inscribun-

331 1214 398 1240 tur:
437 1210 654 1249 „Bibliotheca
689 1210 796 1240 critica
834 1209 946 1249 nova'’,
984 1209 1196 1250 „Algemeene
1224 1209 1340 1240 Konst-
1365 1219 1403 1240 en
1430 1209 1547 1241 Letter-

331 1266 441 1305 bode'',
468 1266 535 1306 „De
560 1266 669 1305 Gids''‚
694 1276 823 1306 operum
850 1266 1037 1305 alienorum,
1063 1276 1144 1306 quae
1168 1267 1199 1296 in
1225 1267 1366 1297 classicis
1380 1270 1550 1297 versantur

329 1323 439 1362 literis,
463 1333 627 1354 censorem
653 1326 773 1364 agente.

373 1380 540 1410 Accedunt
575 1379 701 1418 iudicia,
735 1388 817 1419 quae
852 1379 948 1409 semel
985 1379 1016 1408 in
1050 1379 1259 1419 ephemeride,
1284 1380 1336 1409 cui
1361 1389 1476 1410 nomen
1502 1383 1549 1410 est

331 1435 394 1474 „Le
417 1436 552 1466 Journal
578 1436 616 1467 de
641 1436 669 1466 la
693 1435 816 1475 Haye⁷',
840 1438 871 1466 et
896 1436 993 1466 semel
1019 1436 1050 1465 in
1075 1435 1226 1465 Instituto
1251 1435 1379 1476 Belgico
1401 1436 1439 1466 de
1452 1435 1547 1466 rebus

329 1493 527 1533 philologieis
555 1493 694 1533 protulit.

373 1612 390 1648 g
418 1611 444 1640 1.
469 1611 506 1640 A.
547 1611 629 1640 1825
666 1612 818 1650 quattuor
853 1610 913 1639 viri
948 1609 1229 1650 praestantissimi:
1256 1609 1351 1648 Bake,
1376 1609 1461 1649 Geel,
1484 1610 1546 1641 Ha-

328 1667 445 1706 maker,
480 1666 667 1707 Peerlkamp
702 1666 853 1706 Lugduni
889 1665 1083 1696 Batavorum
1117 1665 1210 1697 edere
1234 1669 1406 1706 coeperunt
1430 1666 1547 1697 Biblio-

327 1723 448 1754 thecam
496 1723 642 1753 Criticam
691 1722 826 1760 Novam,
870 1722 968 1763 idque
1003 1722 1118 1763 triplici
1155 1722 1305 1753 consilio:
1345 1723 1402 1761 „ad
1439 1732 1544 1754 veram

328 1780 482 1810 bonarum
519 1780 682 1811 literarum
707 1780 860 1810 rationem
887 1779 1132 1819 propagandam,
1157 1779 1194 1809 ad
1220 1779 1337 1809 civium
1363 1782 1542 1810 nostrorum

326 1837 527 1867 excitandam
553 1836 754 1874 industriam,
778 1836 961 1876 patriaeque
985 1836 1251 1866 existimationem
1278 1834 1451 1866 tuendam”
1470 1834 1498 1873 1).

371 1892 470 1923 Paulo
505 1895 578 1923 ante
614 1893 820 1933 scripserant:
861 1891 946 1931 „Nos
982 1892 1113 1932 patriam
1151 1891 1360 1932 intelligimus
1393 1894 1544 1932 nostram,

326 1949 544 1990 Batavamque
578 1950 610 1979 in
647 1949 758 1990 primis
789 1949 999 1987 iuventutem,
1031 1958 1126 1988 quam
1152 1958 1215 1978 non
1241 1948 1352 1979 alienis
1376 1951 1432 1979 aut
1456 1958 1544 1989 pere-

325 2006 424 2045 grinis
459 2005 635 2036 industriae
671 2005 836 2045 exemplis,
860 2005 914 2035 sed
940 2005 1056 2035 nostris
1082 2004 1328 2045 domesticisque
1353 2005 1542 2036 eruditionis

326 2063 550 2101 monumentis,
574 2061 693 2102 quibus
717 2061 791 2092 inde
815 2071 832 2091 a
856 2061 974 2092 renatis
999 2061 1097 2091 literis
1122 2061 1180 2091 hae
1200 2062 1346 2101 regiones
1366 2061 1543 2092 illustratae

325 2121 409 2157 sunt,
449 2118 488 2148 ad
532 2119 635 2149 avitae
677 2119 796 2159 gloriae
840 2117 1083 2148 aemulationem
1121 2117 1276 2147 cohortari
1314 2120 1343 2147 et
1378 2117 1543 2158 impellere

326 2174 554 2205 decrevimus”.

360 2339 387 2369 1)
406 2339 433 2362 In
455 2339 506 2362 sine
528 2340 700 2363 Praesationis
719 2340 773 2364 Vol.
794 2340 811 2363 Ι.
831 2340 873 2363 illa
893 2340 1027 2370 leguntur.
