1673 2768
693 320 732 350 19

104 412 179 442 dum
204 412 289 451 est”;
315 422 343 453 p.
367 413 448 443 432:
478 413 523 452 „si
548 412 641 453 paulo
667 413 785 443 maiore
810 413 872 443 otio
897 412 1091 443 abundarem
1114 421 1217 452 neque
1231 412 1308 452 preli

102 479 194 510 opera
216 471 356 508 instaret,
382 469 469 500 urbis
495 470 590 500 huius
616 479 731 500 nomen
757 469 960 510 expleturum
987 478 1036 500 me
1061 467 1256 509 sperabam'‘.

150 525 225 557 Geel
267 526 462 557 demonstrat
504 536 577 557 eum
622 527 762 557 maxima
805 526 1003 566 neglegentia
1045 525 1221 566 fragmenta
1256 524 1319 555 edi-

104 582 207 613 disse:
245 583 338 613 cuius
370 583 415 613 rei
439 583 690 623 locupletissima
715 582 804 613 affert
829 582 1019 613 documenta
1045 584 1084 622 (p.
1111 581 1172 611 120
1198 582 1255 621 sq.)
1280 590 1320 611 ex

104 648 139 670 ea
171 639 288 678 tabula,
314 649 409 680 quam
434 640 501 680 ipse
526 639 590 670 Mai
615 640 771 670 volumini
796 649 854 670 suo
879 639 1063 679 speciminis
1088 638 1156 668 loco
1182 637 1319 668 addidit:

103 696 148 726 sic
174 695 207 731 δή
233 695 374 726 ediderat
399 705 453 735 pro
479 695 525 733 δέ;
554 705 594 726 ex
620 696 734 736 iisque,
759 705 841 736 quae
866 695 980 726 deinde
1002 695 1139 735 legimus
1161 694 1198 724 de
1211 694 1321 734 spatiis

104 753 186 782 inter
210 751 365 783 vocabula
388 752 507 783 relictis
532 755 562 783 et
586 752 624 783 de
647 752 747 783 literis
773 751 971 791 maiusculis,
995 761 1075 791 quas
1096 750 1158 781 Mai
1173 750 1320 791 neglexe—

104 811 160 848 rat,
191 808 370 839 luculenter
402 811 530 849 apparet
566 808 705 848 „Maium
741 819 759 839 a
790 811 894 839 mente
919 808 1114 848 excerptoris
1139 817 1203 838 non
1228 807 1322 847 longe

104 865 277 905 aberrasse,
304 865 358 897 sed
383 866 564 906 corrupisse
589 865 706 896 codicis
731 864 848 896 verba''
866 863 895 903 1).

148 922 222 953 Alia
257 922 403 962 exempla
439 921 584 953 Maianae
618 922 790 961 socordiae,
823 931 1017 963 quamquam
1051 930 1114 951 non
1141 922 1185 951 ita
1208 920 1322 959 lucida,

106 979 180 1019 quia
210 978 273 1009 Mai
306 989 402 1009 unam
427 982 551 1009 tantum
577 978 715 1009 tabulam
742 978 873 1009 editioni
898 987 974 1009 suae
998 977 1163 1016 adiecerat,
1186 977 1219 1007 in
1244 987 1321 1007 una-

106 1045 233 1076 quaque
275 1035 340 1066 fere
376 1036 491 1076 pagina
525 1036 744 1066 inveniuntur.
781 1035 1058 1066 Verisimillimum
1095 1037 1142 1065 est
1177 1033 1321 1064 Geelium

107 1092 224 1123 multos
249 1093 333 1123 locos
357 1092 607 1133 fragmentorum
634 1092 815 1123 coniectura
840 1092 1026 1131 restituisse,
1051 1100 1132 1131 quos
1154 1090 1217 1121 Mai
1242 1091 1323 1121 male

106 1149 240 1189 legendo
266 1151 295 1180 et
320 1149 442 1180 edendo
467 1152 659 1189 corruperat.

149 1204 259 1245 Doleo,
296 1205 382 1246 quod
417 1205 530 1245 Heysii
566 1215 646 1246 opus
681 1205 837 1245 inspicere
872 1214 935 1235 non
968 1204 1065 1244 potui,
1097 1205 1153 1244 qui
1185 1213 1211 1234 a.
1238 1203 1321 1233 1846

108 1261 254 1301 „Polybii
291 1262 495 1293 historiarum
532 1264 680 1302 excerpta
711 1262 859 1301 gnomica
883 1261 915 1290 in
940 1260 1143 1300 palimpsesto
1168 1259 1323 1290 Vaticano

104 1318 248 1349 LXXIII
284 1319 366 1359 Ang.
402 1318 477 1349 Maii
509 1319 595 1349 curis
627 1319 786 1358 resignata
817 1315 1065 1355 ret1·actavit‘’2)¹
1091 1316 1169 1347 Mihi
1194 1316 1322 1356 quidem

104 1377 229 1406 constat
258 1384 321 1405 non
347 1375 450 1405 solum
477 1374 585 1405 Cobeti
611 1374 665 1405 sed
691 1374 783 1405 etiam
810 1373 909 1404 Geelii
935 1373 1115 1413 complures
1139 1373 1171 1403 in
1196 1371 1322 1412 Polybii

103 1431 280 1472 fragmenta
307 1431 461 1462 Vaticana
482 1431 681 1461 coniecturas
702 1430 962 1461 emendationum
976 1430 1105 1460 nomine
1119 1429 1231 1470 dignas
1246 1438 1324 1460 esse.

148 1487 294 1528 Spengel,
326 1488 381 1528 qui
413 1498 438 1518 a.
467 1487 550 1518 1836
578 1487 816 1518 emendationes
842 1486 1014 1516 nonnullas
1039 1486 1071 1515 in
1097 1485 1224 1524 Polybii
1249 1484 1322 1515 His-

103 1545 258 1575 toriarum
292 1544 450 1584 Excerpta
475 1543 630 1574 Vaticana
654 1544 817 1584 proposuit
832 1541 865 1583 ³),
889 1545 1024 1573 testatur
1047 1541 1212 1581 „Geelium
1237 1550 1323 1582 egre-

105 1602 189 1641 giam
222 1601 270 1632 his
302 1601 392 1632 libris
423 1610 550 1641 operam
576 1599 788 1638 navasse''⁴);
814 1599 928 1630 deinde
953 1599 1029 1629 haec
1053 1598 1156 1629 addit:
1187 1598 1322 1639 „quodsi

107 1657 243 1697 GeeHus,
269 1658 316 1687 vir
348 1661 378 1688 et
410 1658 538 1698 ingenio
563 1660 593 1688 et
616 1657 745 1697 linguae
769 1656 951 1696 cognitione
975 1655 1056 1686 bene
1080 1656 1267 1693 instructus,
1291 1656 1323 1684 in

107 1724 202 1745 usum
228 1717 451 1755 excerptorum
476 1713 578 1744 Vatic.
603 1713 709 1744 denuo
734 1722 844 1743 omnes
869 1711 995 1751 Polybii
1018 1711 1117 1742 libros
1142 1711 1322 1750 evolvisset,

106 1773 161 1801 vix
187 1781 286 1802 unum
313 1771 490 1801 alterumve
514 1771 619 1800 locum
645 1772 830 1810 corruptum
858 1767 1106 1809 reliquisset'’⁴).
1131 1768 1219 1798 Idem
1241 1777 1322 1798 com-

105 1827 252 1868 pluribus
277 1828 354 1858 locis
379 1827 479 1858 Geelii
504 1827 659 1858 iudicium
686 1826 793 1857 laudat
818 1828 848 1856 et
873 1826 1028 1866 sequitur.

138 1951 164 1981 1)
184 1952 221 1975 l.l.
241 1959 264 1982 p.
283 1951 340 1974 121.

139 1991 165 2021 2)
185 1989 321 2022 „Weiuige
350 1990 479 2014 maanden
504 1990 571 2013 later
590 1990 683 2020 (quain
703 1988 798 2017 Cobet:
817 1988 849 2011 cf.
870 1994 940 2018 quae
960 1987 1037 2017 paulo
1056 1989 1118 2010 ante
1136 1994 1165 2010 ex
1185 1986 1274 2010 Cobeti
1292 1986 1323 2009 ad

105 2030 226 2054 Geelium
255 2030 376 2060 epistulis
404 2030 495 2060 attuli)
524 2037 576 2052 was
603 2028 739 2052 Tlicodoor
764 2028 848 2058 Ileysc
868 2027 1032 2057 gelukliigor.
1052 2026 1117 2049 Deze
1136 2025 1324 2056 vervaardigde

105 2077 154 2093 een
183 2070 278 2093 uiterst
306 2069 457 2100 zorgvuldig
485 2077 518 2092 en
548 2068 724 2098 nauwkeurig
744 2067 874 2095 assclnrist,
897 2066 1029 2089 wanrdoor
1048 2065 1231 2096 onmiddellijk
1252 2065 1323 2088 werd

107 2109 250 2140 bevestigd,
270 2112 320 2133 wat
339 2117 399 2133 men
419 2116 469 2132 van
487 2109 537 2132 den
557 2115 676 2138 aanvang
698 2107 745 2130 wel
766 2106 886 2129 verrnoell
908 2106 967 2135 hall,
986 2106 1029 2128 <lut
1047 2106 1096 2128 Mai
1110 2112 1170 2128 voor
1179 2105 1239 2128 zulk
1253 2104 1323 2128 werk

106 2149 261 2180 ongescliikt
283 2149 357 2172 wns‘K
377 2148 489 2178 (Nuber2
509 2148 587 2180 „Vier
605 2145 819 2178 Tijdgenooteii'',
840 2153 863 2175 p.
881 2144 950 2173 282).

140 2189 226 2212 Naber
253 2188 344 2211 eodem
370 2188 425 2211 loco
452 2190 542 2211 narrat
568 2194 590 2210 a.
616 2185 681 2210 1862
708 2184 881 2216 Rutgersiuin
909 2192 960 2208 uno
989 2191 1057 2207 anno
1077 2186 1133 2214 post
1153 2191 1180 2207 se
1199 2183 1326 2214 codicem,

106 2228 151 2258 qui
170 2227 306 2251 dicebatur
326 2228 360 2259 „il
378 2226 573 2256 carbonacci0⁷',
592 2226 690 2250 Romae
710 2225 807 2248 iterum
827 2223 972 2254 inspexisse
991 2226 1070 2253 alque
1089 2222 1247 2246 iudicavisse
1258 2223 1325 2253 frag-

108 2270 196 2291 menta
215 2267 246 2291 ab
265 2267 357 2298 Heysio
377 2266 490 2290 maxima
508 2266 645 2295 diligentia
663 2268 689 2288 et
708 2264 835 2294 religione
854 2270 910 2286 esse
931 2263 1008 2286 edita.

140 2306 166 2336 3)
185 2307 241 2330 Act.
259 2306 397 2330 Societatis
415 2306 529 2330 Graecae
548 2305 602 2328 Vol.
623 2304 640 2327 I.
668 2312 691 2334 p.
710 2302 816 2327 ⁶21⁴-33.

141 2347 168 2376 4)
187 2347 221 2369 ii.
242 2354 264 2376 p.
283 2345 322 2369 22.
