1673 2768
886 288 946 317 128

308 381 471 411 dissimilis
507 383 598 419 esset,
634 382 661 411 si
695 390 729 411 se
763 381 979 420 turpissimam
1017 380 1169 410 fateretur
1203 381 1365 411 victoriam
1391 381 1522 420 precari,

308 437 400 467 modo
437 437 574 474 adderet,
608 437 639 467 id
664 447 697 467 se
721 437 856 466 invitum
881 440 911 466 et
936 439 1079 466 coactum
1105 436 1237 467 facere’'.
1263 436 1350 467 Haec
1375 436 1471 467 verba
1496 437 1523 467 si

307 498 390 524 recte
427 494 624 533 interpretor,
659 493 737 522 ratio
773 494 818 523 sic
855 491 1073 522 concludenda
1109 496 1172 522 est:
1212 493 1319 532 „atqui
1359 492 1523 531 Polynices

307 551 366 580 ista
406 559 468 580 non
493 550 596 580 addit:
623 559 696 589 ergo
721 549 771 579 sui
797 548 961 578 dissimilis
986 552 1042 586 est,
1068 548 1152 578 unde
1176 549 1293 588 optime
1317 549 1523 579 ratiocinatus

307 610 354 636 est
390 606 648 644 Valckenaerius,
684 605 845 645 huiusque
880 604 1042 634 conclusio
1078 614 1140 634 non
1175 605 1298 645 partim,
1322 605 1376 635 sed
1402 606 1524 645 integra

307 663 498 693 admittenda
525 662 603 693 est‘’·

352 719 426 750 Geel
453 737 491 740 —
516 720 559 749 ita
585 722 618 748 ut
644 717 839 748 Valckenaer
865 735 903 739 —
931 720 1018 747 ratus
1043 717 1255 757 participium,
1276 717 1361 757 quod
1375 721 1421 748 est
1433 717 1523 747 κὶτῶν

307 778 362 812 (vs.
390 775 496 812 1369),
523 775 649 814 longius
675 777 831 804 remotum
858 782 927 803 esse
952 783 969 802 a
994 772 1135 803 subiecto
1161 772 1339 808 Πολυνείκης
1352 776 1409 810 (vs.
1429 773 1523 809 1364)

307 832 453 862 codicum
480 831 645 861 lectionem
672 830 745 860 κῖτῶ
759 830 883 868 retinet,
896 829 951 860 sed
965 830 1113 870 proponit
1125 828 1271 867 ἄλγιστον
1285 839 1340 870 pro
1353 828 1521 867 αἴσχιστον.

307 887 401 919 Ain-stt
427 886 610 918 Firnhaberi
635 887 872 923 correctionem,
896 885 970 916 ferri
995 895 1058 916 non
1085 895 1177 926 posse
1202 892 1319 925 censet,
1343 895 1415 916 cum
1428 885 1522 916 Euri-

307 945 394 985 pides
431 944 520 974 valde
557 944 760 984 peccavisset,
785 944 810 973 si
836 943 985 972 nuntium
1010 942 1193 973 induxisset
1217 943 1255 973 de
1280 943 1347 973 solo
1372 942 1524 982 Polynice

306 1000 509 1031 acerbissima
534 1000 765 1040 vituperatione
790 1003 940 1037 utentem,
965 999 1003 1029 de
1029 998 1175 1039 precibus
1200 1008 1274 1029 vero
1299 998 1523 1037 Eteoclis,non

308 1058 414 1087 minus
439 1056 631 1094 crudelibus,
656 1065 738 1096 quae
763 1059 951 1096 sequuntur,
977 1058 1143 1086 tacentem.
1164 1055 1324 1086 Accedere
1345 1055 1428 1095 quod
1441 1065 1524 1085 nun—

306 1115 369 1144 tius
404 1114 538 1144 Athenis
574 1113 652 1143 alios
687 1112 848 1143 auditores
881 1112 1026 1142 habuerit
1051 1122 1144 1152 quam
1171 1111 1349 1151 Polynices,
1373 1121 1445 1142 cum
1470 1111 1524 1141 illa

306 1174 496 1211 precaretur.

350 1226 516 1263 ''Amaci-:v
552 1227 583 1256 in
621 1227 802 1266 proximum
831 1235 958 1256 versum
985 1227 1108 1265 recepto
1124 1224 1208 1255 Geel
1234 1224 1352 1255 iudicat
1375 1224 1521 1254 lacrimas

306 1286 390 1313 certe
415 1282 537 1321 habere,
565 1291 648 1322 „quo
673 1285 913 1321 excusarentur,
937 1281 999 1311 nisi
1021 1280 1160 1311 obstaret
1182 1281 1333 1321 explicari
1354 1289 1417 1310 non
1431 1289 1523 1320 posse

305 1349 362 1370 cur
386 1340 517 1369 affectus
540 1339 599 1369 iste
623 1338 820 1379 significetur
845 1341 915 1378 post
940 1337 1101 1376 Polynicis
1126 1337 1350 1377 precationem,
1371 1346 1433 1366 non
1448 1345 1522 1367 vero

306 1399 376 1436 post
405 1394 572 1426 Eteoclis’‘.

350 1452 403 1483 Vs.
432 1452 513 1482 1370
539 1451 768 1482 Valckenaerio
794 1451 923 1491 spurius
947 1459 1016 1481 esse
1041 1453 1167 1490 propter
1190 1449 1289 1480 verba
1312 1449 1393 1487 ἐπῄει
1408 1447 1521 1487 δάκρυα

305 1512 335 1539 et
359 1510 488 1539 omnino
512 1509 668 1539 sententia
693 1517 799 1538 carere
824 1508 912 1538 visus
937 1511 991 1537 est¹
1017 1506 1181 1537 Hermann
1202 1515 1274 1537 eum
1296 1505 1417 1536 fraudis
1430 1514 1521 1536 accu-

306 1566 387 1596 savit
422 1564 523 1606 („hoc
559 1574 632 1595 vero
669 1567 715 1595 est
750 1563 892 1594 fraudem
928 1563 1084 1603 imperitis
1119 1561 1262 1603 faeere”)
1287 1565 1317 1592 et
1341 1562 1518 1602 quaesivit:

308 1631 409 1663 „quae
433 1623 494 1652 ista
518 1631 569 1652 ars
593 1624 648 1651 aut
673 1620 840 1661 disciplina
864 1621 904 1650 sit
928 1620 1038 1659 critici,
1062 1628 1144 1659 quae
1164 1619 1253 1659 prius
1266 1618 1404 1658 expellat
1416 1617 1522 1657 verba,

305 1688 400 1719 quam
437 1678 560 1717 viderit,
595 1687 672 1707 num
710 1686 786 1707 sana
821 1677 885 1707 sint
916 1686 956 1706 an
988 1674 1182 1716 corrupta?''
1206 1674 1282 1705 Geel
1307 1683 1379 1705 eum
1405 1673 1521 1704 infecta

305 1745 338 1766 re
373 1734 459 1765 abire
491 1735 539 1765 his
564 1733 668 1765 verbis
692 1732 796 1764 iubet:
825 1732 966 1772 „nihilne
991 1742 1142 1772 umquam
1168 1731 1271 1762 simile
1295 1734 1406 1761 contra
1430 1730 1520 1761 disci-

305 1792 410 1832 plinae
442 1791 527 1821 illius
564 1791 649 1831 leges
685 1790 826 1830 peccavit
862 1788 1093 1820 Hermannus‘?
1129 1787 1273 1819 Correxit
1307 1790 1430 1818 autem:
1467 1790 1521 1822 τῆς

306 1848 400 1886 εὐχῆς
431 1846 490 1881 ἔφη.
527 1846 606 1883 Quis
631 1845 1001 1877 dicatValckenaerium
1027 1854 1090 1874 non
1116 1843 1310 1884 praevidisse
1334 1852 1368 1874 se
1393 1842 1521 1883 vapula-

304 1908 412 1934 turum
439 1903 478 1934 ob
505 1903 683 1944 „pruritum
709 1901 919 1942 corrigendi’',
944 1902 970 1931 si
995 1901 1073 1941 quid
1097 1901 1129 1930 in
1150 1901 1220 1930 istis
1242 1899 1345 1930 verbis
1359 1899 1520 1929 mutaret?

304 1961 364 1991 Sed
390 1961 542 1991 correctio
567 1959 754 1998 Hermanni,
778 1959 943 1999 ingeniosa
967 1960 997 1988 et
1019 1956 1191 1998 probabilis
1211 1959 1241 1987 et
1254 1957 1346 1986 cuius
1359 1958 1520 1996 praestan-
1566 1948 1567 1951 ¹

304 2018 379 2048 tiam
415 2016 561 2047 Klotzius
594 2026 656 2046 non
690 2014 855 2054 sentiebat,
890 2014 1138 2054 haudquaquam
1163 2013 1262 2053 tangit
1288 2011 1519 2043 dubitationem

304 2073 557 2104 Valckenaerii'’.

348 2130 439 2160 Hanc
471 2129 511 2160 ob
539 2139 667 2160 causam
693 2128 769 2159 Geel
793 2130 921 2168 accepto
946 2125 1123 2157 Hermanni
1147 2126 1277 2156 invento
1302 2123 1406 2163 εὐχῆς,
1433 2132 1517 2164 „quo

304 2196 412 2227 preces
431 2187 463 2216 in
485 2186 592 2217 sedem
613 2195 704 2217 suam
724 2183 954 2223 reducuntur‘’‚
975 2193 1032 2224 pro
1053 2181 1176 2222 δάκρυσι,
1199 2190 1301 2222 „quae
1315 2181 1401 2211 hunc
1414 2180 1519 2211 locum

304 2242 462 2280 foedant'’‚
494 2243 595 2279 θκῡμκ
619 2242 793 2283 proposuit,
816 2241 926 2281 itaque
949 2240 1024 2280 legit
1050 2241 1176 2272 πολλαῖς
1199 2237 1312 2275 δ’ἒπῄει
1338 2237 1440 2273 θαῦμα
1463 2240 1518 2272 τῆς

305 2299 400 2337 εὐχῆς
435 2297 502 2333 ἕσηι
540 2299 590 2338 „id
621 2302 668 2329 est
691 2297 749 2340 (ne
774 2298 846 2338 quis
870 2297 903 2327 in
928 2295 978 2331 ὅση
1004 2296 1140 2335 haereat,
1161 2292 1207 2324 εἴα
1230 2292 1435 2334 exspectans)
1458 2291 1520 2323 ὅσον
