1673 2768
892 314 931 343 56

347 406 421 437 Tres
456 405 552 436 libros
588 408 747 445 praeterea
778 407 810 435 in
844 406 901 436 hoc
927 409 1084 446 postremo
1111 407 1273 439 volumine
1298 408 1388 438 diarii
1413 418 1518 450 recog-

305 463 402 502 novit,
427 472 465 493 ex
491 461 609 502 quibus
634 461 672 492 de
696 461 835 502 Emperii
860 463 893 492 in
917 461 1052 493 Dionem
1078 462 1364 496 Observationibus
1388 468 1519 496 aeturus

305 529 375 550 sum
401 520 433 549 in
459 518 604 549 Sectione
629 518 666 549 de
691 518 790 548 Geelii
815 518 991 559 Olympico.

350 641 368 680 ἓ
393 642 420 670 2.
444 640 613 671 Karstenio
649 651 675 670 a.
704 641 786 670 1838
812 640 887 671 Geel
912 642 1053 681 scripsit:
1083 642 1149 682 „Gij
1176 646 1256 674 weet
1280 643 1332 674 dat
1357 644 1388 674 ik
1413 654 1457 674 nu
1482 654 1521 675 en

306 697 365 727 dan
402 698 461 727 iets
497 697 529 726 in
566 696 626 727 den
658 696 846 727 Letterbode
870 697 978 736 schrijf
999 700 1067 736 (zoo
1091 699 1130 738 gij
1156 699 1227 729 hem
1252 699 1348 737 leest).
1374 699 1522 740 Somtijds

306 763 463 792 anonym3
501 753 641 792 somtijds
666 756 737 783 zet
774 753 816 782 ik
852 762 897 783 er
933 754 1027 793 mijn
1065 754 1100 785 G.
1136 765 1256 795 op....
1283 756 1370 787 Voor
1395 756 1521 788 berede-

307 809 421 840 neerde
446 809 610 849 verslagen
636 818 674 838 en
698 808 880 848 gedrongen
906 810 1070 840 recensien
1094 811 1122 841 is
1147 811 1185 842 de
1208 810 1342 842 Letterb.
1363 812 1416 843 het
1437 812 1522 843 beste

307 875 345 896 en
371 865 509 905 waarlijk
535 865 586 895 het
610 864 835 904 fatsoenlijkste
859 865 998 905 orgaan⁷'
1016 864 1046 904 ¹).

350 922 401 952 Ad
436 931 502 952 rem
534 925 672 951 nostram
697 924 803 952 autem
828 931 867 952 ex
891 922 945 952 illo
970 922 1069 953 diario
1092 933 1193 963 pauca
1216 926 1340 955 tantum
1365 925 1524 956 afferenda

308 981 391 1009 sunt

351 1036 389 1065 A.
430 1035 513 1064 1832
554 1033 700 1072 „Novum
737 1033 870 1065 Carmen
902 1034 1082 1075 Latinum''‚
1116 1036 1202 1076 quod
1226 1037 1354 1068 videtur
1377 1048 1394 1068 a
1418 1037 1522 1069 Peerl-

308 1091 434 1131 kampio
460 1100 528 1121 esse
553 1089 729 1121 confectum
747 1088 779 1129 12),
803 1090 841 1120 ab
867 1090 1075 1122 obtrectatore
1099 1092 1238 1123 defendit
1252 1091 1285 1131 3).

352 1148 390 1178 A.
420 1148 503 1177 1838
536 1156 607 1177 cum
634 1146 807 1177 Brouwero
822 1146 844 1185 ⁴)
869 1147 943 1178 fecit
966 1151 1075 1179 contra
1098 1148 1398 1181 Forehhammerum
1414 1149 1446 1189 5),
1470 1151 1523 1181 ho-

310 1205 425 1234 minem
459 1203 654 1242 seditiosum,
689 1204 873 1244 participem
905 1205 1111 1235 consiliorum
1144 1215 1262 1245 eorum,
1295 1207 1350 1247 qui
1381 1207 1524 1238 nomina-

309 1260 424 1290 bantur
462 1260 510 1298 „la
541 1261 638 1299 Jeune
674 1260 890 1300 Allemagne”.
926 1260 958 1291 Is
994 1261 1164 1302 detexerat,
1200 1263 1285 1303 quod
1321 1273 1377 1304 per
1408 1263 1471 1294 duo
1494 1266 1524 1295 et

309 1318 421 1357 viginti
446 1317 572 1347 saecula
597 1316 788 1347 occultatum
814 1316 924 1357 fuerat,
948 1317 1109 1348 Socratem
1131 1318 1230 1350 fuisse
1251 1320 1355 1350 virum
1380 1320 1525 1360 probum,

309 1373 364 1404 sed
400 1374 501 1404 civem
537 1374 719 1413 pessimum.
759 1372 829 1413 „Hij
866 1374 1036 1405 vereerde'’
1062 1393 1101 1397 —-
1126 1376 1170 1406 ita
1206 1375 1280 1406 Geel
1314 1395 1354 1398 —
1389 1377 1525 1416 „andere

310 1430 429 1469 Goden,
464 1430 524 1460 dan
557 1430 594 1460 de
626 1430 712 1460 Staat
743 1432 811 1467 (zoo
842 1430 989 1461 bewezen
1022 1432 1161 1471 Anytus,
1193 1432 1322 1464 Melitus
1346 1442 1385 1464 en
1409 1433 1524 1464 Forch-

310 1487 476 1523 hammer):
504 1487 541 1526 hij
567 1486 690 1517 bedierf
710 1487 748 1517 de
768 1487 866 1527 jeugd
887 1489 1017 1528 (zeggen
1039 1488 1076 1518 de
1097 1488 1297 1520 democraten
1319 1500 1380 1520 van
1400 1490 1525 1521 Athene

310 1553 348 1574 en
375 1553 434 1573 van
460 1542 551 1582 Kiel),
574 1553 612 1573 en
637 1544 675 1582 hij
699 1543 832 1574 verbrak
855 1543 916 1574 den
937 1543 1124 1585 burgereed,
1145 1545 1216 1576 dien
1238 1546 1276 1586 hij
1298 1545 1344 1577 als
1361 1546 1526 1587 jongeling

310 1599 452 1640 afgelegd
478 1600 537 1629 had
563 1602 630 1637 (zoo
654 1600 731 1640 liegt
751 1600 845 1639 ieder,
873 1600 923 1631 die
946 1601 998 1631 het
1023 1601 1108 1632 durft
1131 1604 1162 1632 te
1186 1601 1339 1642 zeggen)'’
1354 1601 1384 1640 ⁶).

355 1656 474 1687 Eodem
499 1666 582 1686 anno
606 1656 785 1687 introduxit
812 1655 1097 1697 „Disquisitionem
1120 1658 1157 1688 de
1178 1657 1210 1688 L.
1224 1659 1315 1689 Aelio
1329 1658 1525 1689 Stilone....

310 1712 550 1743 Rhetoricorum
581 1713 619 1743 ad
642 1712 853 1752 Herennium,
879 1717 912 1744 ut
938 1714 1070 1752 videtur,
1097 1714 1255 1754 auctore'',
1280 1725 1374 1755 quam
1399 1715 1427 1746 J.
1443 1716 1479 1746 A.
1493 1715 1525 1746 C.

314 1779 373 1800 van
399 1768 529 1800 Heusde
553 1770 723 1810 scripserat
738 1769 768 1807 7).

346 1935 371 1962 1)
390 1935 508 1966 Epistula
526 1938 677 1959 asservatur
695 1935 722 1959 in
742 1935 902 1959 Bibliotheca
922 1935 1003 1966 Lugd.
1025 1936 1077 1959 But.

345 1975 372 2004 ⁴2>
390 1975 454 1998 Vide
474 1975 637 1998 llamakerae
657 1974 726 2005 Disp.
746 1975 796 1999 Lit.
817 1983 840 2005 p.
861 1975 883 1999 4.

345 2014 371 2043 3)
392 2014 428 2038 Cf.
448 2017 513 2044 part.
540 2014 570 2038 ΙΙ.
590 2022 613 2045 p.
635 2014 771 2038 185—188.
790 2014 956 2045 Quamquam
976 2015 1024 2038 hoe
1044 2015 1098 2038 loco
1117 2022 1212 2038 nomen
1234 2023 1284 2039 nou
1302 2016 1465 2047 subscripsit,
1481 2024 1527 2048 ap-

313 2058 382 2084 paret
403 2058 488 2077 tamen
509 2062 538 2077 ex
559 2058 630 2084 parte
649 2054 739 2083 altera,
759 2062 781 2084 p.
801 2053 858 2083 454,
876 2053 997 2078 Geelium
1015 2054 1196 2078 defensionem
1216 2055 1360 2085 scripsisse.

346 2093 371 2119 4)
391 2094 512 2124 Apologia
532 2094 645 2117 Socratis
663 2096 754 2117 eontra
773 2093 857 2117 Meliti
876 2093 986 2117 redivivi
1005 2094 1174 2124 calumniam,
1194 2095 1248 2118 sive
1267 2095 1396 2119 iudicium
1416 2095 1447 2119 de
1459 2096 1484 2119 P.
1497 2096 1525 2120 G.

314 2133 528 2156 Forchhaiumeri
555 2133 620 2156 libro
645 2133 783 2163 inscripto:
808 2133 853 2156 Die
872 2133 1056 2157 Atl=e11e1*....
1077 2134 1188 2157 Auctore
1208 2134 1234 2157 P.
1255 2141 1276 2158 v.
1299 2134 1424 2166 Limburg
1446 2135 1527 2159 Brou-

317 2180 376 2201 wer,
395 2172 473 2195 Gron.
493 2180 514 2195 a.
534 2172 606 2196 1838.

346 2211 372 2238 5)
393 2212 437 2235 Die
466 2212 583 2235 Athener
609 2212 660 2236 und
689 2212 814 2241 Socrates,
841 2212 882 2236 die
910 2212 1088 2236 Gesetzlichen
1117 2213 1167 2236 und
1192 2213 1238 2236 der
1259 2213 1455 2242 Revolutioniir„
1476 2221 1526 2237 von

317 2251 342 2274 P.
362 2251 401 2275 w.
422 2252 635 2281 l³oirl111funmerv
656 2252 739 2275 Berol.
759 2260 779 2275 a.
800 2251 871 2275 1837.

347 2290 374 2318 6)
393 2291 426 2314 l.l.
447 2295 510 2321 puri.
530 2291 547 2315 l.
567 2299 589 2321 p.
609 2291 664 2315 348.

349 2331 374 2361 7)
392 2331 426 2354 l.l.
448 2333 512 2361 pai-t.
532 2331 561 2354 Il.
580 2339 603 2361 p.
620 2331 687 2354 44ἱῖἶ
703 2331 758 2354 444.
