1673 2768
706 268 768 297 145

129 361 283 392 bracchiis
315 363 345 392 et
376 360 523 391 cruribus
547 361 650 391 crines
674 362 705 391 et
729 361 926 400 sanguinem.
952 359 1035 391 Dum
1062 361 1192 391 meliora
1216 362 1343 401 excogi-

130 420 282 457 tarentur,
317 427 429 448 versus
465 418 586 457 integer
620 420 685 447 erat
709 417 893 456 servandus,
918 418 943 448 si
969 417 1168 448 coniecturae
1193 427 1255 448 non
1279 418 1343 458 pla-

131 474 243 505 cebant
260 472 295 515 1).

175 529 388 561 Memorabilis
424 532 471 560 est
507 529 604 560 Geelii
640 530 854 570 interpretatio
891 540 935 560 vs.
975 530 1078 559 1185:
1117 533 1214 567 χεῖρες
1239 530 1268 560 δὲ
1293 529 1343 560 ux}

132 586 202 616 κῶλ’
240 586 275 620 ὡς
310 585 446 622 κύκλωμ’
480 584 592 621 Ἰξίονος
617 585 775 623 εἱλίσσετ’;
802 589 929 617 veretur
953 587 1046 625 enim,
1075 596 1134 624 „ne
1159 586 1290 617 Veteres
1315 590 1344 617 et

131 643 300 683 Euripides
336 642 479 673 Ixionem
517 647 602 673 rotae
634 652 795 673 annexum
819 643 909 673 aliter
933 642 992 673 sibi
1017 643 1225 683 cogitaverint
1249 653 1342 683 quam

132 699 223 730 hodie
248 699 340 730 multi
364 699 465 730 facere
489 699 618 738 soleant,
643 699 680 729 ab
706 700 821 730 nostris
842 699 1015 740 pictoribus
1039 702 1069 730 et
1093 700 1192 739 poetis
1214 699 1343 739 decepti.

131 755 191 794 Illi,
227 759 261 786 ut
297 759 382 796 puto,
419 765 491 786 eum
529 755 672 786 fecerunt
707 757 759 786 axi
784 759 870 786 rotae
895 756 987 786 dorso
1011 765 1184 795 annexum,
1209 755 1345 786 brachiis

134 821 206 843 vero
241 816 271 843 et
306 812 453 843 cruribus
490 813 631 843 extensis
668 822 703 843 ac
729 812 866 843 diductis
892 816 1028 853 quatuor
1052 813 1146 843 radiis
1171 813 1347 853 alligatum,

132 869 306 909 cogitantes
344 878 452 900 verum
479 872 565 899 rotae
590 869 803 909 supplicium.
820 893 866 900 ...
891 869 1027 900 Secutus
1052 872 1156 900 autem
1182 872 1229 900 est
1253 869 1345 899 Euri-

133 925 221 965 pides
246 935 300 956 eos
324 926 379 966 qui
404 929 471 956 rota
496 925 641 956 Ixionem
666 935 722 966 per
746 928 848 956 aerem
875 925 949 956 ferri
974 925 1167 956 tradiderant
1190 925 1226 956 cf.
1252 925 1345 956 Herc.

133 981 205 1013 Fur.
244 983 471 1013 1295—1298.
505 982 617 1022 Itaque
643 992 715 1012 cum
742 983 799 1012 hac
823 983 977 1013 rotatione
1000 983 1162 1023 aptissime
1187 984 1348 1022 comparat

135 1038 326 1079 Capaneum,
358 1038 494 1069 brachiis
523 1042 552 1069 et
577 1038 725 1069 cruribus
749 1039 888 1069 diductis
913 1040 1038 1069 rotatim
1065 1039 1103 1070 de
1127 1039 1211 1069 scala
1235 1039 1346 1069 caden-

133 1098 205 1126 tem.
240 1095 362 1126 Ixionis
398 1095 497 1125 orbi
522 1098 608 1125 rotae
631 1095 750 1135 alligati
775 1095 909 1135 figuram
934 1096 1057 1136 repperi
1081 1096 1113 1125 in
1139 1095 1265 1136 Virgilii
1291 1095 1347 1126 Ed.

134 1150 215 1182 Ven.
244 1152 325 1181 1532
352 1151 403 1181 fol.
432 1152 501 1181 145.
526 1150 704 1182 Exstentne
729 1152 923 1191 antiquiores
947 1154 977 1182 et
1001 1161 1082 1192 quae
1106 1151 1201 1182 fuerit
1226 1152 1347 1182 vicissi-

136 1207 213 1238 tudo
237 1207 457 1238 delineationis
482 1207 585 1237 medio
610 1217 697 1247 aevo,
722 1208 853 1238 doceant
877 1207 1104 1248 archaeologi⁷'.

179 1317 359 1358 Quaeritur,
394 1328 450 1349 eur
486 1318 560 1350 Geel
596 1318 809 1350 Reinwardtio
834 1319 1103 1350 commendaverit
1127 1320 1348 1350 annotationes

135 1375 173 1405 ad
209 1375 265 1406 hos
302 1384 413 1406 versus
448 1378 478 1406 et
513 1375 551 1406 ad
588 1386 650 1407 vss.
687 1376 912 1414 1114-1118,
938 1385 1042 1416 neque
1066 1376 1172 1416 potius
1197 1385 1241 1415 ea,
1266 1385 1347 1416 quae

135 1431 316 1462 observavit
339 1432 378 1462 ad
404 1442 467 1464 vss.
494 1432 722 1473 1369-1371‚
748 1433 786 1463 de
810 1432 927 1473 quibus
952 1442 1047 1473 supra
1072 1433 1193 1473 scripsi.

180 1487 339 1519 Omnibus
374 1488 422 1519 his
458 1488 535 1519 locis
568 1488 643 1519 Geel
669 1491 776 1519 tuetur
801 1488 1021 1519 Valckenaerii
1046 1489 1215 1520 editionem
1241 1491 1349 1519 contra

136 1544 356 1576 Hermannum
382 1547 413 1575 et
437 1545 716 1586 alios,·praecipue
740 1548 844 1576 autem
867 1555 927 1576 vss.
951 1545 1349 1582 1369—137130mnibus

136 1601 185 1631 his
228 1601 305 1631 locis
348 1601 543 1642 corruptelas
587 1601 732 1642 detegere
776 1605 806 1632 et
841 1604 965 1632 textum
1003 1602 1171 1632 emendare
1207 1604 1348 1632 conatur.

135 1657 248 1698 Neque
284 1667 358 1688 vero
393 1667 432 1688 ex
467 1658 655 1688 emendandi
688 1658 936 1698 disputandique
961 1659 1011 1688 via
1035 1667 1071 1688 ac
1094 1658 1227 1699 ratione,
1253 1668 1348 1698 quam

136 1714 169 1743 in
193 1714 242 1744 his
266 1713 412 1745 versibus
436 1714 608 1744 tractandis
634 1714 707 1745 Geel
734 1717 800 1745 erat
824 1717 962 1754 secutus,
987 1724 1083 1745 causa
1103 1714 1348 1745 commendatio-

137 1771 186 1800 nis
222 1770 391 1810 repetenda
419 1773 475 1809 est,
510 1770 564 1801 sed
601 1771 674 1801 hinc
707 1771 821 1811 potius,
857 1771 943 1811 quod
975 1771 1135 1811 copiosius
1161 1771 1287 1811 scripsit
1312 1770 1350 1801 de

136 1826 274 1857 artibus:
301 1836 362 1857 vss.
390 1827 606 1857 1114—1118
632 1827 669 1858 de
693 1827 853 1868 Panoptae
876 1828 1024 1867 imagine,
1047 1837 1111 1858 vss.
1133 1827 1348 1857 1182—1186

137 1882 175 1913 de
198 1882 322 1913 Ixionis
346 1883 476 1923 pictura.
500 1882 569 1913 Hae
592 1893 642 1914 res
669 1884 727 1914 viri
752 1883 888 1914 herbarii
913 1884 1095 1923 sculpturae
1121 1892 1249 1923 quoque
1273 1883 1351 1923 peri-

137 1939 251 1969 tissimi
268 1937 290 1976 2)
315 1940 457 1969 animum
484 1940 583 1979 magis
610 1939 778 1970 movebant
803 1950 898 1980 quam
924 1940 1067 1980 argutiae
1091 1942 1122 1970 et
1141 1940 1229 1970 rixae
1250 1940 1349 1980 philo-

138 1995 294 2036 logorum.

172 2172 199 2203 1)
218 2172 303 2196 Naber
321 2172 549 2204 („Mnemosynes’'
567 2181 589 2197 a.
610 2172 674 2196 1882
693 2181 717 2203 p.
736 2172 796 2204 150>
815 2181 851 2197 vs.
876 2173 936 2196 1184
953 2174 1000 2197 hoc
1018 2173 1092 2197 modo
1103 2174 1233 2204 corrigere
1244 2178 1351 2198 conatus

139 2214 191 2235 est:
214 2213 311 2234 πνοαὶ
330 2213 372 2240 μὲν
391 2212 422 2239 εἰς
442 2212 577 2243 '‘Otiosam-ov,
595 2211 656 2241 αἷμα
679 2212 733 2239 ὂἾεὶς
751 2214 833 2241 χθονα,

172 2251 198 2280 2)
217 2251 254 2274 Cf.
279 2251 499 2282 „Letlerkundige
524 2252 710 2275 Geschiedenis
728 2252 774 2275 der
792 2252 872 2276 derde
891 2252 977 2276 Classe
997 2260 1045 2276 van
1064 2253 1109 2276 het
1128 2254 1281 2285 Koninklijk
1300 2254 1351 2278 Ne-

139 2290 296 2314 derlandsch
315 2291 456 2315 Instituut''
475 2299 498 2315 a.
518 2291 581 2315 1833
600 2299 623 2322 p.
642 2291 665 2315 2.

1223 2337 1254 2362 10
