1673 2768
713 314 773 344 121

135 417 226 438 orum
262 407 350 447 parvi
386 407 546 437 aestimat:
586 406 683 446 „quid
716 405 858 445 nunc”?,
882 406 1006 446 scripsit
1031 405 1069 435 ad
1095 415 1139 435 VS.
1166 406 1216 444 34,
1242 408 1350 444 „estne

136 463 280 494 codicum
314 462 487 503 Euripidis,
518 463 629 503 quales
663 462 825 501 habemus,
850 463 950 492 maior
973 462 1143 492 auctoritas
1168 471 1263 501 quam
1289 464 1350 492 tra-

136 519 265 550 ditionis
299 518 657 550 Strabonianae....?⁷⁷
674 517 701 560 ¹)
738 518 814 549 Post
851 528 894 548 vs.
929 518 1008 548 1381
1029 515 1058 559 2)
1084 517 1349 548 Valckenaerium

136 578 166 606 et
201 575 421 606 Hermannum
457 578 587 606 secutus
622 575 740 605 iniuria
766 575 841 604 mihi
868 574 992 604 videtur
1018 583 1143 604 versum
1169 574 1351 611 inseruisse,

139 632 195 672 qui
219 632 307 662 deest
330 632 362 661 in
388 631 551 671 Euripidis
576 631 674 670 libris,
699 631 753 662 sed
778 631 894 671 legitur
914 630 999 670 apud
1013 629 1200 669 Gregorium
1215 628 1346 659 Nazian-

138 697 272 718 zenum:
301 687 465 727 „Gregorii
490 690 584 724 aetas,
609 688 723 727 inquit,
748 687 841 727 longe
866 689 992 727 superat
1016 686 1140 716 codices
1165 695 1245 726 quos
1260 686 1351 716 hodie

139 753 334 784 usurpamus
368 753 570 784 quorumque
603 753 642 774 ne
667 743 829 783 archetypi
855 743 982 783 quidem
1007 742 1139 772 formam
1166 745 1195 772 et
1218 745 1350 772 aetatem

138 801 293 831 coniicere
330 800 567 841 possumus⁷'⁸).
604 800 787 831 Arbitratur
825 810 907 839 „non
940 800 1144 840 ponderanda
1167 799 1352 829 auctoritate

136 857 280 888 codicum
317 857 421 897 colligi
458 866 551 897 posse
587 860 657 887 utra
683 866 756 887 vera
780 857 819 887 sit
844 857 1016 887 lectionum
1031 880 1097 895 ...,
1121 856 1176 886 sed
1200 856 1351 895 interpre-

136 913 253 944 tando”
269 913 311 954 ⁴);
349 924 412 944 non
445 914 590 944 codicum
616 923 749 944 numero
774 917 829 944 aut
854 913 1000 953 pondere,
1025 913 1080 943 sed
1104 922 1200 943 sensu
1225 912 1350 952 dignos·

138 971 274 1002 cendum
301 979 370 1001 esse
385 970 414 1008 ⁵).

180 1026 423 1067 Interpretando
466 1026 632 1057 lectionem
667 1025 781 1056 bonam
818 1026 913 1066 eligit,
949 1026 1071 1057 etiamsi
1107 1035 1193 1056 unus
1229 1027 1351 1055 tantum

140 1083 240 1114 codex
266 1092 334 1114 eam
359 1083 525 1113 lectionem
551 1082 688 1122 praebet,
712 1092 770 1113 nec
794 1085 894 1122 rogat,
920 1085 1026 1112 utrum
1052 1082 1093 1112 sit
1117 1081 1217 1111 codex
1244 1081 1353 1111 melior

139 1150 177 1170 an
214 1140 368 1177 deterior3
405 1140 451 1170 sic
486 1149 530 1170 vs.
568 1139 608 1169 26
640 1138 736 1176 μέσων
772 1148 826 1179 pro
862 1137 960 1178 μέσον,
993 1138 1078 1178 quod
1109 1138 1205 1168 ceteri
1229 1137 1352 1168 codices

136 1196 269 1234 habent,
302 1206 345 1226 vs.
383 1196 465 1226 1070
491 1195 577 1234 κυδρή
603 1205 658 1236 pro
683 1194 801 1233 κλεινή;
828 1205 871 1226 vs.
900 1195 983 1225 1635
1009 1198 1039 1226 et
1066 1194 1149 1225 1684
1173 1195 1265 1225 etiam
1291 1194 1352 1224 lec-

136 1253 238 1283 tiones
262 1253 360 1283 unius
384 1255 509 1282 tantum
534 1252 652 1282 codicis
678 1251 819 1292 praefert,
842 1261 899 1282 nec
920 1254 1024 1282 tamen
1050 1251 1082 1281 in
1095 1253 1219 1281 textum
1233 1251 1352 1290 recipit.

180 1308 213 1339 Si
249 1309 331 1339 duae
366 1308 516 1339 lectiones
548 1309 576 1338 ei
601 1317 701 1348 aeque
725 1317 794 1339 esse
819 1308 919 1338 bonae
944 1308 1101 1346 videntur,
1127 1310 1161 1337 ut
1187 1316 1231 1337 vs.
1258 1306 1351 1344 1477,

137 1364 191 1395 ubi
227 1364 366 1405 Scaliger
403 1364 513 1403 φίλοις,
538 1364 736 1395 Valckenaer
759 1364 867 1402 φίλους
890 1364 952 1404 legi
978 1364 1054 1403 vult,
1083 1364 1243 1404 „plurium
1269 1362 1353 1393 codi-

137 1431 211 1452 cum
237 1430 428 1452 consensum
454 1421 653 1461 sequendum
677 1420 933 1461 existim(at)⁷'⁶).

180 1477 430 1518 Nonnumquam
468 1477 591 1508 dubitat
627 1477 833 1508 eiciendusne
868 1477 908 1507 sit
944 1486 1056 1507 versus
1091 1487 1130 1507 an
1167 1476 1351 1507 servandus.

136 1534 187 1564 Ad
214 1543 258 1564 vs.
283 1534 322 1563 27
350 1533 515 1564 adscribit:
545 1534 590 1572 „si
617 1533 688 1564 fecit
713 1534 797 1564 hunc
823 1542 950 1564 versum
976 1533 1154 1573 Euripides,
1179 1533 1352 1573 incogitan-

137 1593 183 1620 ter
217 1591 351 1630 scripsit.
389 1589 524 1620 Amabat
548 1590 771 1630 etymologias:
800 1589 948 1629 concedo,
972 1593 1003 1620 et
1028 1593 1157 1630 poterat,
1182 1589 1274 1620 modo
1300 1599 1352 1629 ap-

137 1647 210 1685 tius,
233 1647 347 1686 origini
374 1646 520 1676 vocabuli
545 1645 684 1686 Oedipus
709 1646 857 1676 alludere.
880 1645 941 1677 Sed
964 1646 1053 1676 licuit
1074 1645 1175 1676 eidem
1190 1646 1350 1676 omittere:

137 1702 274 1743 quidni?
314 1706 343 1733 et
378 1703 559 1742 gratissima
594 1702 654 1732 fuit
689 1702 776 1732 fabro
812 1701 1056 1743 interpol(a)udi
1093 1703 1215 1732 occasio
1252 1702 1282 1732 in
1320 1711 1354 1732 re

135 1758 318 1790 tralaticia”.
355 1758 518 1789 Dubitatio
554 1759 612 1788 hoc
649 1759 717 1789 loco
743 1761 881 1798 superat,
905 1758 979 1789 facit
1004 1768 1099 1799 prope
1123 1768 1196 1789 cum
1222 1758 1353 1789 Valcke-

136 1816 254 1855 naerio,
289 1816 344 1856 qui
381 1824 509 1846 versum
546 1815 626 1845 eicit.
663 1815 736 1845 Alio
761 1815 830 1845 loco
855 1818 970 1854 autem,
994 1815 1033 1845 ad
1057 1825 1102 1846 vs.
1131 1815 1204 1855 487,
1230 1815 1355 1846 dubitat

168 1939 194 1969 1)
213 1939 255 1963 Vs.
281 1938 313 1962 34
340 1939 545 1963 Phoenissarum
571 1938 640 1969 apud
668 1938 823 1962 Strabonem
852 1938 949 1969 legitur
977 1939 992 1962 1.
1012 1938 1077 1963 XVI.
1097 1946 1120 1969 p.
1141 1937 1196 1962 762.
1215 1938 1252 1962 Cf.
1275 1938 1355 1962 huius

136 1978 263 2002 Sectionis
281 1986 337 2009 cap.
357 1978 400 2002 111.

168 2017 194 2045 2)
214 2018 290 2048 Apud
309 2017 429 2041 Geelium
449 2020 488 2041 est
508 2025 544 2040 vs.
563 2016 637 2040 1386.

169 2057 196 2087 3)
214 2058 357 2088 Gregorius
375 2057 390 2081 l.
411 2057 439 2080 ΙΙ.
461 2064 484 2087 p.
499 2056 546 2080 ²28d
569 2057 632 2080 haec
651 2057 740 2080 habet:
761 2058 841 2085 κάπροι
861 2056 944 2083 δ’ὅπως
964 2056 1074 2086 θήγοντες
1092 2057 1176 2086 ἀγρίαν
1195 2057 1269 2085 γένυν,
1289 2057 1318 2083 ὡς
1328 2056 1355 2079 ἂν

135 2096 281 2125 statutio-wizai
301 2105 324 2119 rt
342 2102 383 2124 τῆς
401 2095 541 2125 τραγῳδίαις,
561 2097 628 2126 λοξὸν
645 2096 775 2125 βλὲπσντες
794 2095 901 2125 ἐμπύροις
922 2101 970 2123 ταῖς
989 2096 1079 2124 &ltu-'⁴⁶7
1100 2099 1223 2121 συνῆπτον.
1242 2096 1354 2120 Versum

136 2137 202 2166 λοξὸν
229 2136 358 2165 βλέποντες
387 2134 519 2163 ἐμπύροισιν
547 2135 650 2163 balasco-zv
670 2135 832 2159 Valckenaer
851 2135 979 2166 mserum
999 2135 1096 2159 iniuria
1115 2138 1205 2159 autem
1226 2136 1252 2159 in
1273 2143 1300 2159 re
1319 2137 1354 2160 ita

135 2176 214 2199 dubia
233 2176 348 2206 neglexit
366 2183 457 2199 omnes
476 2175 609 2205 Euripidis
628 2175 730 2199 codices
749 2178 775 2198 et
793 2175 881 2198 omisit
899 2175 1082 2198 demonstrare
1102 2174 1256 2206 Gregorium
1276 2176 1354 2201 tradi-

138 2214 207 2238 tione
226 2215 291 2238 nihil
313 2222 419 2245 passum
439 2222 512 2243 esse3
533 2215 599 2238 facio
619 2222 680 2238 cum
700 2215 739 2245 iis,
758 2215 802 2244 qui
824 2214 958 2244 Euripidis
977 2214 1078 2238 codices
1098 2218 1255 2246 sequuntur.

169 2254 196 2283 4)
215 2254 314 2278 Corum.
334 2262 358 2285 p.
378 2253 434 2277 136.

170 2293 196 2323 5)
215 2293 251 2318 Cf.
269 2294 368 2317 Comm.
388 2302 411 2324 p.
429 2293 485 2317 246.

169 2332 196 2361 (ὅ)
214 2332 312 2356 Corum.
333 2341 357 2363 p.
376 2332 433 2356 226.
