1673 2768
879 302 938 331 132

300 397 387 427 venit
421 396 556 437 epistula
591 396 783 427 suavissima
819 395 846 425 d.
885 396 902 424 3
927 405 966 424 m.
992 394 1061 424 Iun.
1086 404 1111 424 a.
1141 394 1222 424 1847
1249 395 1319 425 data
1334 393 1368 436 ¹),
1393 395 1424 424 in
1451 405 1513 435 qua

299 452 375 483 haec
399 455 490 482 sunt:
520 451 631 491 „Quod
657 452 734 482 mihi
758 452 858 482 editas
886 461 904 481 a
929 454 959 481 te
984 450 1146 491 Euripidis
1171 450 1361 482 Phoenissas
1388 452 1512 491 misisti,

298 508 411 539 Iacobe
447 508 544 548 Geeli,
568 509 806 546 instantissime,
831 517 893 538 non
919 507 1021 537 solum
1049 508 1203 537 maximas
1226 508 1343 547 gratias
1367 517 1434 548 agO,
1458 508 1512 538 sed

299 566 392 595 etiam
426 565 516 596 valde
546 565 679 606 gaudee,
705 564 759 604 qui
784 573 820 594 eo
845 564 1021 603 intelligere
1046 563 1163 601 videar,
1189 566 1219 594 te
1243 564 1327 602 mihi,
1352 565 1377 594 si
1403 564 1512 594 adver—

298 622 427 661 sarium,
451 625 482 653 at
507 621 587 652 bene
611 621 770 651 volentem
796 620 1012 650 adversarium
1038 620 1199 650 exstitisse
1213 619 1252 661 2).
1277 619 1352 660 Legi
1377 630 1434 661 ego
1448 630 1511 650 non

300 678 367 708 sine
402 677 507 708 fructu
544 678 743 708 acutissimas
779 676 1044 716 doctissimasque
1079 676 1309 717 adnotationes,
1341 677 1459 717 quibus
1484 680 1513 707 te

300 734 458 764 vindicem
494 733 667 774 praebuisti
704 733 934 771 Valckenaerii,
967 732 1005 763 de
1036 742 1099 773 quo
1125 742 1205 773 quae
1229 742 1286 773 ego
1312 733 1379 763 dixi
1405 734 1431 763 si
1456 733 1513 763 tibi

300 790 348 821 vel
385 791 439 821 alii
475 793 602 821 tuorum
640 789 840 830 popularium
869 789 950 819 mala
976 792 1079 820 mente
1103 792 1157 819 aut
1181 789 1376 819 obtrectandi
1401 799 1514 819 caussa

298 847 418 878 dixisse
443 847 559 886 videor,
584 846 722 887 profecto
747 856 808 876 non
834 847 934 876 nostis
960 856 1054 886 quam
1080 846 1110 876 id
1131 855 1149 876 a
1171 855 1238 876 meo
1252 846 1357 876 animo
1371 846 1513 876 alienum

300 904 348 934 sit.
385 903 446 934 Sed
480 906 514 934 ut
550 904 617 944 ipse
653 912 776 943 semper
811 902 936 933 defendi
969 902 1054 942 quod
1080 912 1201 942 verum,
1227 903 1403 942 vituperavi
1428 902 1514 943 quod

300 960 415 991 falsum
441 969 510 990 esse
534 960 703 999 crederem,
726 960 770 989 ita
793 959 925 999 iniquus
950 968 1051 990 essem
1078 959 1104 989 si
1128 959 1199 989 aliis
1219 968 1282 989 non
1296 959 1378 990 idem
1393 959 1513 989 licitum

301 1020 453 1057 putarem.
478 1016 579 1047 Immo
604 1016 705 1046 multo
730 1016 831 1056 pluris
854 1015 935 1046 facio
956 1016 1127 1055 ingenuam
1149 1015 1438 1056 reprehensionem,
1453 1025 1515 1056 qua

300 1073 421 1113 aliquid
458 1073 587 1113 discam,
624 1082 717 1113 quam
755 1073 887 1103 serviles
918 1072 1038 1111 laudes,
1069 1072 1187 1112 quibus
1212 1072 1404 1103 erubescam.
1431 1070 1514 1108 Quin

302 1139 401 1170 paene
425 1130 506 1160 malo
530 1129 727 1170 reprehendi,
753 1130 809 1169 qui
834 1129 955 1160 videam
983 1138 1077 1169 quam
1103 1128 1224 1158 laudari
1247 1128 1338 1159 facile
1361 1130 1410 1159 sit.
1426 1127 1514 1159 Veri—

302 1188 398 1217 tatem
430 1196 540 1217 omnes
570 1187 763 1226 quaerimus,
788 1185 842 1216 sed
867 1195 903 1216 ea
928 1194 1020 1225 saepe
1043 1188 1136 1225 caput
1160 1186 1242 1215 inter
1266 1184 1377 1215 nubila
1400 1185 1517 1224 condit,

301 1252 406 1283 neque
442 1245 496 1273 aut
532 1242 680 1273 omnibus
716 1245 771 1273 aut
807 1242 861 1272 uni
887 1251 1011 1282 semper
1035 1244 1171 1282 apparet.
1198 1241 1303 1278 Quare
1328 1242 1516 1272 monstranti

299 1300 433 1340 gratiam
470 1299 584 1330 habere
619 1302 750 1340 oportet,
784 1301 1055 1339 monstratamque
1088 1301 1271 1338 utcumque,
1295 1299 1444 1339 accipere.
1468 1298 1516 1329 Ita

301 1357 374 1396 quis
399 1366 461 1386 non
486 1357 626 1387 maximo
650 1365 724 1386 cum
748 1356 865 1396 gaudio
890 1355 1108 1396 amplectatur,
1134 1355 1218 1395 quod
1240 1365 1267 1385 V.
1290 1356 1352 1385 522
1366 1355 1517 1395 palmaria

300 1412 520 1443 emendatione
544 1413 711 1443 restituisti
736 1411 935 1449 μοιθήσομκιὲ
959 1411 1020 1443 Sed
1045 1422 1144 1452 quum
1169 1413 1201 1442 in
1227 1412 1285 1442 hoc
1308 1421 1423 1452 genere
1435 1412 1515 1442 litte-

299 1479 405 1500 rarum
442 1470 535 1500 etiam
571 1469 727 1510 quaedam
763 1468 912 1509 ambigua
947 1470 1020 1509 sint,
1047 1468 1266 1509 disputarique
1290 1469 1321 1498 in
1348 1471 1516 1509 utramque

300 1529 421 1566 partem
457 1527 590 1566 possint,
628 1525 717 1556 dabis
753 1526 829 1556 mihi
865 1526 934 1565 hoe,
969 1535 1072 1566 spero,
1098 1524 1196 1564 Geeli,
1223 1526 1270 1555 vir
1294 1525 1517 1563 eruditissime,

302 1585 338 1613 ut
374 1592 433 1621 me,
464 1583 490 1613 si
514 1582 546 1613 id
570 1592 662 1623 agere
687 1582 811 1622 vellem,
835 1582 1018 1612 habiturum
1043 1581 1163 1621 eredas,
1187 1581 1273 1622 quod
1298 1582 1336 1612 ad
1361 1582 1516 1622 quaedam

335 1693 362 1722 1)
382 1694 540 1717 Asservatur
558 1693 585 1717 in
605 1693 766 1717 Bibliotheca
784 1692 913 1716 Leidensi.

335 1733 362 1764 2)
381 1733 502 1758 Geelium
528 1740 580 1757 non
606 1732 732 1757 benevolo
756 1732 844 1756 animo
864 1733 890 1756 in
909 1732 1093 1756 Hermannum
1113 1732 1194 1755 fuisse
1216 1734 1326 1762 apparet
1343 1739 1374 1756 ex
1392 1732 1432 1763 iis,
1450 1739 1518 1762 quae

303 1773 451 1797 Hamakero
468 1781 491 1797 a.
509 1772 574 1797 1844
592 1773 698 1803 scripsit
717 1772 761 1803 (cs.
781 1772 851 1803 Disp.
869 1772 918 1796 Lit.
938 1771 1101 1795 Hamakerae
1120 1779 1144 1802 p.
1161 1771 1216 1802 90):
1237 1771 1319 1803 „Voor
1333 1771 1456 1795 Godfried
1467 1779 1517 1795 vau

302 1813 406 1844 Leipzig
425 1813 471 1844 ligt
490 1820 538 1836 een
558 1814 602 1836 roe
620 1813 647 1836 in
668 1812 700 1836 de
719 1819 784 1842 p—.
804 1812 849 1835 Die
869 1811 942 1835 rekel
962 1811 1120 1835 mishandelt
1140 1811 1302 1835 Valckenaer
1320 1811 1350 1834 ad
1362 1811 1518 1835 l'hoenissas

301 1860 345 1876 zoo
369 1860 423 1884 erg,
442 1853 484 1876 dat
503 1853 529 1876 ik
549 1852 593 1876 het
611 1852 665 1876 niet
684 1852 775 1883 lan'ger
794 1851 941 1875 uithouden
959 1851 1037 1875 kan''.
1056 1851 1163 1875 Duobus
1180 1851 1258 1875 annis
1278 1854 1331 1881 post
1352 1851 1398 1880 (l.l.
1417 1858 1440 1881 p.
1459 1849 1517 1881 93):

302 1892 368 1924 „(ik)
396 1892 446 1916 heb
471 1900 541 1916 sums
566 1893 621 1916 lust
648 1892 730 1924 gehad
761 1900 803 1916 om
828 1893 962 1916 Hermann
981 1892 1009 1915 of
1025 1899 1072 1915 een
1092 1891 1251 1922 lompigheid
1272 1898 1335 1914 naar
1353 1891 1404 1914 den
1422 1891 1473 1921 kop
1491 1894 1518 1915 te

300 1932 401 1963 gooijen
429 1932 456 1956 os
480 1933 541 1956 hem
568 1932 616 1956 iets
644 1931 720 1963 fijner
747 1939 808 1955 voor
831 1932 881 1955 den
907 1931 956 1963 gek
976 1934 1001 1955 te
1021 1931 1134 1955 houden.
1155 1931 1182 1954 Ik
1203 1931 1326 1962 gevoelde
1345 1931 1388 1954 dat
1406 1930 1444 1954 dit
1462 1931 1517 1954 niet

298 1972 361 2003 goed
393 1979 453 2001 was,
481 1979 552 1995 [naar
570 1972 602 1995 de
618 1971 801 2002 everwinning
820 1978 869 1995 van
890 1971 1007 2002 mijzelve
1029 1978 1080 1994 was
1100 1970 1265 2002 moeijeliij'
1285 1970 1368 1994 Aliter
1387 1970 1516 2001 cogitabat

301 2011 462 2041 Bakhuizen,
488 2011 534 2042 qui
562 2011 642 2035 Bakio
658 2011 761 2042 scripsit
780 2011 823 2041 (cs.
843 2010 1081 2042 „Brieswisseling”
1102 2018 1125 2040 p.
1144 2009 1216 2040 219>:
1238 2010 1307 2041 „Hoe
1326 2013 1383 2040 gaat
1401 2009 1446 2033 het
1465 2012 1518 2033 met

301 2051 332 2074 de
358 2051 613 2082 oorlogsverklaring
638 2058 686 2074 van
711 2050 775 2081 prof.
795 2050 857 2074 Geel
876 2057 924 2073 aan
945 2050 1101 2073 Hermann?
1120 2049 1155 2073 De
1175 2049 1268 2072 laatste
1288 2049 1360 2072 heeft
1379 2049 1519 2073 voorzeker

303 2090 438 2120 verdiend,
462 2093 513 2114 wat
537 2090 599 2114 hem
618 2090 682 2120 pros.
702 2090 764 2114 Geel
784 2089 918 2113 toedenkt.
937 2089 975 2113 En
993 2089 1053 2113 toch
1073 2089 1135 2120 spijt
1153 2089 1197 2112 het
1218 2088 1262 2119 mij
1281 2095 1323 2112 om
1343 2088 1374 2112 de
1394 2096 1519 2119 persoon-

302 2130 409 2161 lijkheid
430 2138 480 2154 van
500 2130 643 2153 Hermann.
663 2129 701 2160 Op
721 2129 801 2161 mijne
820 2129 913 2153 laatste
932 2129 999 2153 reize
1017 2129 1080 2152 door
1100 2128 1203 2159 Leipzig
1220 2128 1330 2159 ontving
1340 2128 1375 2159 hij
1388 2128 1432 2159 mij
1444 2128 1519 2152 reeds

303 2176 364 2193 voor
390 2169 421 2193 de
449 2169 550 2193 tweede
577 2169 644 2192 maal
665 2171 717 2192 met
737 2176 809 2192 meer
827 2169 877 2192 dan
897 2168 1185 2200 vriendelijkheid....
1204 2167 1244 2198 Hij
1266 2175 1318 2191 was
1336 2171 1387 2191 mel
1408 2167 1518 2191 Holland

303 2216 335 2232 en
354 2209 385 2232 de
405 2209 580 2232 Hollandsche
599 2208 739 2239 philologie
756 2216 789 2232 en
808 2208 934 2240 namelijk
953 2208 1001 2232 ook
1022 2211 1071 2231 met
1093 2207 1158 2238 prof.
1177 2206 1238 2231 Geel
1259 2210 1315 2238 regi
1336 2207 1520 2238 ingenomen''·

303 2248 349 2272 L.1.
368 2256 390 2278 p.
408 2248 469 2272 275:
491 2248 575 2279 „Prot
594 2248 670 2272 Geels
688 2248 847 2272 Phoenissae
865 2248 916 2272 heb
935 2248 961 2271 ik
983 2255 1032 2279 nog
1052 2248 1107 2271 niet
1125 2247 1214 2278 gezien
1234 2261 1265 2263 —
1284 2246 1300 2270 ’t
1315 2247 1382 2270 boek
1401 2246 1518 2278 spijtmij

304 2287 374 2317 bijna
401 2288 439 2311 als
466 2295 513 2311 een
541 2288 711 2319 strijdschriit
735 2291 813 2318 tegen
831 2288 881 2311 den
900 2287 986 2311 ouden
1005 2286 1166 2310 Hermann''.
1184 2286 1222 2310 Cs.
1241 2287 1321 2310 etiam
1340 2286 1519 2317 „Briefwisse-

303 2327 374 2358 ling'*
396 2335 420 2358 p.
439 2326 478 2350 76.
