1673 2768
712 276 772 305 153

135 367 300 397 lectionem
336 367 434 397 critici
468 367 633 398 cuiusdam
667 368 890 406 coniecturam,
916 369 1006 408 quasi
1033 369 1161 399 maioris
1187 371 1348 409 momenti,

135 423 266 453 afferret.
302 421 426 459 Quibus
461 423 556 454 rebus
592 423 749 454 adductus
785 425 869 454 iusto
907 424 1056 455 maiorem
1091 425 1346 456 coniecturarum

137 488 305 510 numerum
342 479 469 518 effudit;
509 480 592 510 unde
623 480 740 510 factum
775 483 833 519 est,
857 484 892 511 ut
916 491 1013 521 parva
1037 484 1159 511 tantum
1185 491 1255 521 pars
1279 483 1348 512 eius

135 537 390 566 coniecturarum
415 537 673 567 emendationum
701 537 800 567 vicem
826 536 990 568 obtineret.

181 591 273 628 Quod
308 592 509 632 praecipuam
542 602 667 633 operam
702 602 818 633 ponere
843 593 964 624 solebat
989 594 1020 623 in
1047 594 1253 634 scriptoribus
1278 594 1348 624 illu-

136 648 283 688 strandis,
320 649 351 678 in
388 657 424 679 eo
461 658 590 689 quoque
626 652 767 680 veterum
792 649 985 680 Batavorum
1012 651 1153 690 vestigiis
1178 650 1348 690 premebat.

136 704 228 734 Hanc
263 705 346 735 enim
384 707 494 744 artem,
526 715 608 745 quae
640 706 671 735 in
698 707 824 746 scriptis
848 706 988 737 classicis
1012 706 1219 746 explicandis,
1245 716 1349 737 emen-

137 761 257 799 dandis,
281 761 485 791 aestimandis
510 765 663 800 versatur,
688 762 820 793 ancillae
846 762 913 792 loco
938 763 1009 793 aliis
1034 763 1210 803 disciplinis
1231 764 1350 793 servire

137 817 268 847 minime
299 817 430 857 patiens,
456 827 523 848 eam
549 818 676 848 demum
703 828 793 849 verae
818 820 984 859 iustaeque
1009 819 1198 859 philologiae
1222 820 1350 850 nomine

136 873 262 913 dignam
299 882 368 904 esse
403 873 541 913 putabat.
580 873 661 912 „Qui
698 875 753 905 has
778 874 906 905 literas''
933 893 968 897 —
1000 876 1045 905 sic
1071 875 1131 905 iam
1157 885 1182 905 a.
1211 876 1293 905 1825
1319 875 1350 913 ii,

137 931 193 970 qui
235 929 382 960 Biblioth.
426 931 492 960 critv
529 940 599 960 nov.
635 931 751 961 edituri
787 936 884 970 erant,
920 933 951 961 in
988 931 1182 972 praefatione
1217 932 1349 972 scripse-

136 989 212 1017 runt
236 1004 276 1008 —-
305 996 388 1025 „non
413 989 538 1027 propter
562 988 646 1027 ipsas
671 987 814 1026 coluerit,
833 988 888 1018 sed
914 991 1075 1028 tamquam
1100 989 1348 1019 instrumentum

137 1043 175 1073 ad
218 1043 279 1072 alia
322 1043 467 1083 quamvis
509 1044 698 1083 gravissima
733 1044 973 1084 disciplinarum
1009 1053 1126 1084 genera
1162 1044 1351 1075 illustranda

137 1099 288 1137 retulerit,
324 1099 409 1129 hunc
445 1100 559 1139 quovis
594 1100 655 1130 alio
688 1101 816 1131 nomine
839 1100 968 1141 gloriari
994 1096 1160 1141 patiemur,
1186 1101 1348 1131 literarum

138 1165 252 1186 nomen
279 1156 577 1196 possessionemque
602 1165 664 1186 non
689 1157 839 1187 invadere
864 1156 1037 1188 sinemus.'‘

181 1211 326 1242 Profecto
352 1211 525 1250 literarum,
550 1221 631 1252 quae
656 1216 810 1243 vocantur
834 1213 993 1252 classicae,
1017 1213 1113 1243 saluti
1127 1213 1203 1244 Geel
1217 1214 1351 1254 eiusque

139 1268 232 1298 amici
257 1271 386 1299 strenue
411 1268 652 1299 consuluerunt.
676 1269 781 1299 Tutati
806 1273 882 1300 sunt
901 1270 1129 1310 patrimonium
1151 1269 1352 1309 aScaligero,

137 1324 391 1363 Hemsterhusio,
417 1324 652 1363 Valckenaerio,
677 1325 748 1356 aliis
772 1325 831 1356 sibi
857 1326 1011 1365 relictum,
1036 1336 1108 1356 cum
1130 1327 1255 1366 magnis
1280 1326 1350 1356 doc-

138 1382 238 1412 trinae
274 1384 304 1411 et
335 1382 454 1421 ingenii
480 1382 578 1422 copiis
603 1382 750 1412 instructi
776 1382 901 1413 illorum
927 1383 959 1412 in
985 1383 1113 1414 modum
1139 1386 1246 1413 textus
1271 1384 1350 1413 anti-

138 1448 218 1478 quos
243 1439 442 1478 interpretari
463 1441 493 1468 et
518 1438 686 1469 emendare
710 1441 902 1469 conarentur
919 1437 955 1480 1).

181 1549 287 1579 Pauca
311 1549 372 1579 iam
396 1549 509 1579 addam
534 1550 571 1580 de
596 1549 695 1580 Geelii
720 1550 882 1589 latinitate,
907 1553 1076 1590 antequam
1102 1551 1176 1580 huic
1196 1551 1351 1591 opusculo

138 1605 232 1636 finem
257 1606 429 1646 imponam.

182 1661 292 1703 Bakio,
317 1663 371 1703 qui
392 1672 409 1692 a
434 1662 542 1693 Geelio
568 1663 729 1702 petiverat,
755 1665 789 1693 ut
813 1663 992 1703 corrigeret,
1018 1664 1143 1703 quaein
1158 1663 1351 1704 praefatione

139 1718 274 1759 quadam
312 1720 419 1749 minus
454 1718 566 1750 Latine
601 1720 683 1750 dicta
719 1722 834 1759 essent,
868 1720 1030 1760 respondit
1044 1718 1083 1759 2);
1124 1719 1206 1759 „Het
1230 1721 1352 1761 schijnt,

172 1860 197 1889 1)
218 1859 274 1887 Qua
301 1859 327 1883 in
356 1867 383 1883 re
410 1859 536 1883 memoria
563 1859 640 1890 digna
669 1862 740 1889 sunt,
765 1867 832 1890 quae
860 1860 913 1883 fere
932 1867 954 1884 a.
974 1859 1039 1883 1⁸46
1058 1860 1120 1884 Geel
1139 1860 1351 1885 Schneidewinio

139 1899 244 1922 videtur
267 1898 404 1929 scripsisse
431 1899 523 1930 (manu
549 1899 632 1929 ipsius
659 1902 783 1923 annotata
807 1902 869 1923 suut
889 1900 920 1923 ad
940 1900 1092 1929 epistulam,
1109 1908 1189 1930 quam
1208 1908 1221 1923 a
1241 1900 1351 1924 Schnei-

138 1938 251 1962 dewinio
286 1940 432 1968 acceperat,
466 1946 533 1969 quae
568 1941 721 1962 asservatur
756 1939 782 1962 in
816 1938 954 1962 Tabulario
983 1939 1160 1963 Bibliothecae
1190 1940 1350 1969 Leidensis):

139 1978 282 2009 ‚,(Hecker)
302 1977 335 2001 ist
353 1985 412 2001 zum
432 1977 590 2008 Praeceptor
608 1985 650 2001 ain
670 1978 787 2009 hiesigen
806 1978 980 2009 Gymnasium
990 1979 1213 2002 ernennt.Dieser
1224 1979 1350 2004 Zuwachs

140 2025 188 2041 von
209 2017 437 2048 philologische(r)
455 2017 530 2041 Kraft
546 2017 573 2041 iu
594 2025 705 2041 unserer
723 2017 799 2041 Mitte
818 2018 919 2041 erfreut
939 2018 1010 2041 mich
1021 2018 1351 2043 ausserordentlich.Bake

139 2057 294 2087 Peerlkamp
321 2056 400 2080 Cobet
420 2057 523 2080 Hecker
541 2057 668 2088 Pluygers
687 2057 815 2088 Suringar
834 2057 945 2081 macheu
965 2058 1055 2088 (wenn
1076 2057 1118 2081 Sie
1137 2058 1224 2082 meine
1244 2059 1351 2089 Wenig-

139 2096 194 2120 keit
220 2096 284 2120 dazu
309 2096 424 2120 nehmen
444 2096 550 2125 wollen)
567 2095 583 2119 6
597 2099 620 2125 ÷
634 2096 658 2125 1,
676 2096 762 2119 denen
781 2104 809 2119 es
827 2103 859 2120 an
879 2096 957 2120 Liebe
976 2097 1019 2119 fiir
1036 2097 1077 2120 die
1096 2099 1158 2128 gute
1177 2097 1260 2121 Sache
1279 2098 1347 2121 nich!

139 2135 204 2159 fehlt
231 2136 298 2159 noch
324 2143 356 2159 an
384 2136 455 2159 Eifer
482 2143 527 2159 um
551 2136 593 2159 die
611 2135 663 2159 alte
685 2136 782 2159 Schule
800 2136 921 2159 aufrecht
941 2144 969 2159 zu
991 2136 1079 2159 halten
1092 2155 1097 2160 .
1168 2137 1224 2160 Nur
1243 2138 1350 2161 iniissen

139 2175 181 2198 Sie
201 2182 246 2198 vor
261 2174 307 2198 der
327 2175 400 2198 Hand
419 2175 492 2198 nicht
510 2176 557 2198 auf
573 2175 623 2198 viel
642 2174 858 2198 Schriststellerei
878 2175 1003 2199 rechnen.
1024 2176 1069 2199 Die
1089 2176 1201 2207 Bildung
1211 2176 1257 2200 der
1267 2176 1351 2200 Schu-

139 2214 178 2237 ler
196 2213 303 2240 (Schule
313 2214 336 2243 7)
355 2214 418 2245 geht
437 2221 524 2238 voran.
544 2214 631 2244 De(m)
652 2215 730 2238 Uebel
748 2214 795 2238 der
812 2214 996 2245 Erschlatrung
1013 2215 1066 2238 und
1084 2215 1130 2239 des
1141 2215 1350 2246 (Vo)rurtheiles

139 2260 221 2284 gegen
241 2253 283 2276 die
302 2253 487 2283 <H)umaniora
508 2261 580 2277 muss
598 2253 754 2284 abgeholfen
776 2254 907 2278 werdeir'.

173 2292 200 2323 2)
217 2292 320 2316 Literae
338 2295 509 2316 asservantur
526 2293 553 2316 in
573 2292 734 2317 Bibliotheca
752 2292 882 2317 Leidensi.
