1673 2768
873 298 933 327 134

294 393 477 423 coniectura
512 390 672 429 ὑπερθκνών
697 401 753 431 pro
779 390 945 428 ὑπερθκνεῑν
970 388 1199 419 Valckenaerio
1224 399 1287 419 non
1312 389 1511 430 aspernanda

296 448 479 486 videbatur3
517 448 602 488 quod
638 447 792 478 iudicium
828 456 867 478 ex
904 446 1005 477 Geelii
1040 447 1197 476 sententia
1230 455 1292 476 non
1320 446 1511 486 merebatur,

296 515 368 535 nam
407 505 503 544 „haec
539 514 600 535 non
638 504 822 544 epexegesis
859 506 934 533 sunt
969 502 1108 542 priorum
1146 502 1251 540 ψυχήν
1283 513 1317 533 τε
1340 502 1430 537 δώσω,
1456 502 1511 533 sed

296 562 463 592 consilium
507 560 678 591 indicant⁷'.
719 560 773 590 Vs.
817 560 900 589 1133
946 558 1168 589 Valckenaerii
1206 558 1296 589 obelo
1333 561 1514 600 expunctus

297 618 404 648 Geelio
440 627 503 647 non
538 616 702 656 inelegans
739 616 872 654 videtur,
911 615 1002 653 „licet
1033 623 1230 655 supervacua
1262 615 1302 646 sit
1326 614 1511 646 sententia‘'.

296 675 344 704 Ad
372 674 466 705 verba
489 672 542 703 xxl
566 684 628 707 πως
651 672 755 707 νοήσαις
779 672 824 701 'E.
850 671 909 711 (vs.
939 671 1035 708 1407)
1061 670 1135 701 Geel
1150 671 1334 711 adscripsit:
1352 673 1512 709 „continet

298 742 359 765 πως
383 731 595 761 coniecturam
623 729 742 766 nuncii,
766 728 926 758 Eteoclem
952 728 1037 758 hunc
1061 727 1167 758 dolum
1193 728 1225 757 in
1249 727 1409 759 Thessalia
1433 728 1511 758 didi-

297 788 392 818 cisse:
421 786 505 817 unde
530 783 581 816 κεῧ
606 796 676 819 πως,
702 784 921 815 Valckenaerii
948 785 1097 824 suspicio,
1120 785 1259 814 recusari
1282 784 1403 815 debet⁷’.

758 1046 939 1077 CAPUT
975 1046 1053 1076 ΙΙΙ.

498 1163 578 1183 LANX
602 1163 718 1183 SATCRA
744 1162 900 1182 VARIARUM
926 1162 1024 1182 GEELII
1050 1162 1310 1183 OBSERVATIONUM.

340 1246 457 1285 Restat,
482 1249 516 1276 ut
541 1245 579 1276 de
604 1245 767 1275 nonnullis
793 1244 1040 1275 Phoenissarum
1066 1245 1144 1276 locis
1165 1255 1266 1285 agam,
1286 1244 1341 1275 ubi
1356 1245 1430 1275 Geel
1444 1245 1514 1275 iure

297 1306 351 1333 aut
386 1303 503 1332 iniuria
539 1302 652 1332 menda
688 1301 820 1332 subesse
854 1304 951 1342 putat,
988 1311 1045 1332 nec
1077 1311 1138 1332 non
1165 1301 1275 1341 quales
1299 1301 1352 1331 ille
1377 1301 1514 1332 medelas

301 1359 508 1399 proposuerit,
533 1358 687 1398 exemplis
712 1358 833 1398 aliquot
856 1358 1013 1388 illustrare
1038 1367 1142 1388 coner.
1168 1356 1237 1394 Qua
1260 1358 1292 1387 in
1317 1357 1406 1388 lance
1419 1358 1511 1388 etiam

296 1415 423 1446 offeram
469 1415 641 1446 nonnullas
685 1415 788 1445 varias
824 1415 965 1445 eiusdem
1003 1414 1250 1445 observationes.
1287 1413 1412 1444 Etenim
1449 1423 1512 1444 non

295 1473 398 1502 solum
426 1476 460 1502 ut
485 1472 705 1502 Valckenaerii
730 1471 900 1502 editionem
926 1471 1118 1509 defenderet,
1141 1470 1196 1501 sed
1221 1471 1314 1501 etiam
1341 1474 1376 1500 ut
1388 1473 1512 1501 textum

298 1529 451 1559 stabiliret
476 1532 506 1559 et
530 1528 721 1567 emendaret,
747 1528 823 1558 Geel
848 1528 1040 1566 Phoenissas
1065 1527 1170 1558 denuo
1191 1527 1289 1557 edidit
1307 1525 1335 1565 ¹).
1350 1526 1422 1557 Suis
1436 1527 1513 1558 locis

297 1586 335 1616 de
366 1595 429 1616 vss.
456 1585 673 1614 1115—1118
698 1588 728 1615 et
753 1594 813 1615 vss.
842 1585 1069 1624 1182—1186,
1093 1584 1131 1614 de
1157 1583 1274 1624 quibus
1299 1582 1513 1614 Reinwardtio

298 1642 434 1682 scripsit,
456 1641 560 1672 fusius
589 1640 740 1672 tractabo.

342 1698 398 1729 Vs.
431 1699 472 1728 34
496 1698 625 1737 iniuria,
652 1701 686 1727 ut
711 1698 786 1727 mihi
813 1697 941 1737 quidem
969 1697 1103 1736 videtur,
1128 1696 1203 1727 Geel
1228 1697 1260 1726 in
1286 1700 1408 1727 textum
1436 1707 1513 1737 quo·
1561 1733 1565 1736 ῃ

298 1764 360 1795 que
395 1764 412 1784 e
443 1753 597 1784 Strabone
628 1754 745 1793 recepit
774 1753 952 1793 lectionem,
978 1762 1060 1793 quae
1085 1756 1132 1783 est
1156 1751 1308 1787 τεκόντκς.
1334 1752 1513 1784 Verisimile

298 1812 382 1842 enim
415 1814 463 1841 est
486 1809 673 1841 Strabonem
700 1811 881 1840 memoriter
905 1810 1011 1840 locum
1037 1809 1229 1840 reddidisse:
1254 1819 1364 1840 omnes
1388 1809 1514 1850 Euripi—

299 1868 346 1898 dis
370 1868 493 1898 codiees
519 1866 634 1897 habent
660 1855 828 1905 mamm.
857 1866 1084 1897 Valckenaerio
1109 1868 1237 1896 auctore
1261 1866 1424 1897 contendit
1438 1865 1513 1897 Geel

298 1924 482 1964 Euripidem
505 1923 623 1964 ubique
644 1933 799 1964 usurpare
820 1933 876 1963 pro
897 1933 916 1963 p
930 1933 947 1953 a
960 1933 975 1953 r
988 1932 1004 1953 e
1018 1933 1037 1953 n
1052 1926 1092 1953 te
1105 1932 1135 1953 s:
1163 1922 1188 1952 οἱ
1208 1922 1359 1960 τεκόντεςς
1375 1926 1513 1954 attamen

298 1984 361 2011 tres
374 1979 397 2018 2)
434 1981 519 2010 locos
554 1980 729 2020 descripsit,
766 1979 819 2009 ubi
854 1979 938 2010 idem
975 1978 1144 2019 Euripides
1168 1980 1270 2009 utitur
1295 1978 1402 2017 verbo,
1427 1979 1513 2019 quod

299 2040 345 2068 est
371 2036 438 2075 φύω
463 2036 513 2067 vel
537 2035 646 2074 ἑκφύω.
673 2035 804 2066 Mutatis
830 2035 989 2066 mutandis
1014 2035 1114 2066 Geelii
1141 2035 1251 2066 verba:
1277 2034 1380 2074 „Quid
1402 2036 1512 2066 nunc?

299 2096 386 2124 estne
411 2093 556 2123 codicum
582 2092 754 2133 Euripidis,
780 2092 890 2132 quales
915 2091 1078 2130 habemus,
1102 2092 1201 2122 maior
1224 2092 1394 2122 auctoritas
1417 2101 1513 2132 quam

300 2197 433 2227 perlucida
460 2200 497 2220 est
525 2196 607 2220 Geelii
634 2196 841 2226 argumentatio:
870 2196 891 2219 si
920 2195 1022 2219 abesset
1050 2202 1142 2218 versus
1160 2209 1191 2211 —
1209 2195 1326 2225 suppleri
1351 2195 1471 2225 deberem
1491 2195 1512 2218 si

297 2237 474 2260 intercidisset
494 2250 525 2252 —
544 2244 595 2259 non
615 2236 820 2259 desideraretur.
839 2235 1017 2266 „Quandoque
1037 2234 1120 2258 bonus
1139 2234 1261 2258 dormitat
1282 2234 1437 2258 Homerus''.

334 2276 360 2305 1>
381 2276 417 2299 Cf.
438 2283 462 2305 p.
482 2275 528 2298 116
548 2276 627 2299 liuius
646 2275 783 2298 Sectionis.

333 2315 360 2342 2)
379 2315 435 2338 Alia
455 2316 574 2345 exempla
593 2316 666 2338 affert
687 2314 829 2346 Musgravii
849 2314 879 2338 ad
900 2314 1051 2345 Euripidem
1073 2314 1151 2337 Index
1171 2313 1284 2344 (Lipsiae
1303 2313 1343 2338 ed.
1361 2321 1383 2337 a,
1402 2312 1487 2343 1788).
