1673 2768
868 305 909 335 20

324 453 342 492 ξ
368 454 396 483 2.
427 454 465 483 A.
493 454 576 484 1833
602 452 719 484 Classis
743 453 833 483 tertia
857 452 1000 482 Instituti
1026 453 1103 492 regii
1129 452 1248 493 Belgici
1273 453 1370 484 edidit
1396 452 1495 484 Geelii

282 508 340 547 „de
371 508 506 550 Telepho
535 509 698 549 Euripidis
722 509 1033 547 commentationem,
1059 508 1172 539 lectam
1198 509 1225 539 d.
1252 510 1293 539 28
1319 519 1358 539 m.
1382 508 1446 539 Mai
1470 519 1496 539 a.

281 565 396 596 1827”.
432 565 555 606 Sequor
590 568 694 596 tamen
734 565 887 603 ordinem,
920 574 983 605 quo
1017 564 1115 595 Geelii
1148 574 1242 605 opera
1273 565 1391 606 publici
1416 566 1496 596 iuris

278 624 353 652 sunt
383 621 473 653 facta.
502 621 671 653 Karstenio
698 621 735 652 de
761 621 915 662 opusculo
941 630 1000 651 suo
1025 621 1168 662 scripsit:
1197 622 1268 661 „het
1292 623 1319 653 is
1344 631 1400 653 een
1437 622 1495 652 lu-

279 688 376 718 sus,
400 679 512 709 doctus
534 678 676 717 fortasse,
701 687 787 708 maar
812 677 883 708 toch
909 686 966 708 een
991 677 1099 708 lusus:
1126 677 1202 708 door
1223 678 1275 708 het
1298 677 1494 709 behandelen

279 745 340 765 vau
376 734 543 775 dergelijke
578 735 804 775 onderwerpen
841 734 973 765 kunnen
1010 734 1041 764 in
1075 734 1127 765 het
1159 734 1360 775 voorbijgaan
1386 735 1496 775 eenige

279 793 399 832 punten
435 794 480 822 tot
515 791 682 822 zekerheid
714 790 845 831 gebragt
878 790 1015 830 worden,
1048 800 1135 821 maar
1159 791 1211 822 het
1234 791 1344 831 geheel
1368 792 1395 822 is
1420 800 1496 822 eene

280 849 475 887 coniectuur,
499 847 616 878 zonder
640 848 750 888 eenige
774 847 1014 887 diplomatische
1038 846 1277 884 zekerheid''1).

325 903 597 935 Commentatione
628 913 673 943 ea,
701 903 777 944 quid
803 903 964 934 videretur
988 904 1085 934 huius
1110 904 1291 944 tragoediae
1316 904 1497 944 deperditae

282 960 383 992 fuisse
417 963 650 1001 argumentum,
682 969 828 1001 quaeque
859 960 997 1000 partium
1022 959 1215 1000 distributio,
1239 970 1279 991 ex
1303 960 1499 1001 fragmentis,

283 1026 365 1057 quae
389 1020 507 1057 extant,
531 1018 590 1048 rite
614 1017 798 1057 compositis
823 1019 853 1047 et
876 1016 1043 1047 illustratis
1067 1017 1218 1057 indagare
1244 1020 1378 1048 conatus
1403 1020 1450 1048 est
1466 1015 1498 1054 ²).

325 1073 452 1114 Telephi
480 1074 610 1104 historia
633 1073 772 1104 breviter
796 1074 941 1114 exposita
965 1074 1103 1114 primum
1130 1076 1294 1104 enumerat
1319 1073 1434 1113 fontes,
1457 1082 1496 1104 ex

285 1130 403 1170 quibus
439 1133 547 1161 nostra
580 1130 618 1161 de
648 1129 809 1170 tragoedia
833 1130 903 1160 eius
927 1129 1067 1160 nominis
1092 1130 1204 1160 notitia
1227 1130 1391 1160 hauritur:
1415 1129 1497 1170 frag—

282 1189 387 1217 menta
411 1187 566 1227 imprimis
591 1186 743 1227 leguntur
767 1186 851 1227 apud
875 1185 1056 1226 Stobaeum,
1076 1185 1497 1227 Aristophanem,Ennium.

282 1242 332 1273 Ex
364 1243 413 1273 his
446 1245 476 1274 et
500 1243 570 1274 aliis
595 1242 788 1283 quibusdam
814 1242 901 1282 locis,
925 1242 1054 1273 aliunde
1078 1243 1194 1283 petitis,
1218 1243 1396 1283 perspicere
1420 1252 1497 1283 quo-

281 1299 448 1330 dammodo
484 1298 544 1330 sibi
580 1299 714 1338 videtur,
750 1308 832 1340 quae
863 1299 942 1330 ratio
974 1299 1070 1330 fuerit
1093 1298 1285 1339 Euripideae
1308 1298 1442 1339 fabulae,
1466 1302 1497 1330 et

281 1365 344 1396 quo
368 1356 478 1387 ordine
502 1357 571 1387 eius
595 1356 750 1397 reliquiae
774 1355 920 1387 collocari
945 1357 1062 1396 optime
1086 1356 1217 1396 possint.

324 1411 430 1443 Primo
465 1412 535 1443 loco
571 1413 636 1453 agit
668 1411 706 1442 de
737 1412 777 1442 iis
801 1411 996 1452 fragmentis,
1021 1421 1103 1452 quae
1125 1412 1283 1452 pertinere
1307 1412 1430 1452 possint
1455 1411 1495 1442 ad

279 1468 458 1509 tragoediae
493 1468 670 1509 prologum,
706 1469 739 1498 in
776 1478 840 1508 quo
875 1468 1048 1499 verisimile
1081 1470 1128 1499 est
1160 1467 1333 1508 Telephum
1359 1468 1496 1499 mendici

281 1526 479 1556 vestimentis
504 1525 652 1556 indutum
677 1525 708 1555 in
734 1534 880 1556 scaenam
906 1524 1058 1566 prodisse,
1083 1534 1179 1565 quam
1194 1524 1312 1556 obrem
1326 1524 1498 1565 Leopardo,

283 1583 338 1622 qui
374 1581 565 1612 vocabulum
601 1581 769 1612 medici
805 1582 837 1612 in
869 1591 964 1612 versu
989 1581 1146 1621 Enniano,
1171 1582 1227 1622 qui
1251 1584 1313 1612 est:
1342 1590 1494 1622 „regnum

282 1638 397 1679 reliqui
422 1640 531 1679 septus
555 1637 669 1669 medici
694 1636 796 1668 stola”
820 1637 915 1678 (apud
938 1636 1081 1667 Nonium
1106 1638 1140 1667 in
1161 1647 1189 1668 v.
1211 1636 1308 1676 Stola)
1328 1638 1361 1667 in
1387 1647 1416 1667 m
1431 1646 1496 1668 en-

281 1694 374 1725 dici
401 1697 587 1734 mutaverat,
611 1694 850 1725 assentiendum
874 1696 964 1734 putat
975 1692 1007 1733 ³),
1032 1693 1234 1724 scholiastam
1256 1703 1331 1724 vero
1352 1693 1390 1724 ad
1405 1694 1496 1724 Aris-

279 1751 362 1792 toph.
398 1750 481 1781 Nub.
513 1761 558 1782 vs.
594 1751 656 1781 923
688 1750 853 1791 Euripidis
884 1750 1024 1781 fabulam
1056 1749 1190 1781 fortasse
1214 1750 1397 1781 confudisse
1421 1760 1494 1781 cum

277 1807 457 1847 Aeschylea
470 1806 501 1844 4).

320 1863 443 1895 Deinde
467 1865 499 1894 in
525 1873 653 1894 scenam
678 1862 823 1904 prodisse
845 1861 1130 1902 Clytaemnestram
1151 1863 1343 1903 suspicatur,
1357 1872 1494 1903 quacum

274 1920 430 1961 Telephus
464 1920 618 1960 originem
636 1922 673 1950 ‘et
699 1919 868 1950 consilium
894 1919 1186 1958 communicaverit,
1210 1918 1265 1949 sed
1289 1919 1365 1949 haec
1391 1919 1494 1950 addit:

278 1977 335 2015 „de
368 1987 506 2017 quanam
538 1976 650 2007 fraude
683 1977 893 2006 convenerint
916 1975 1072 2016 Telephus
1096 1978 1127 2006 et
1152 1975 1413 2014 Clytaemnestra,
1438 1977 1494 2016 qui

282 2033 428 2063 minutim
464 2033 630 2074 explorare
666 2033 751 2073 velit,
783 2042 910 2073 operam
941 2031 1074 2062 fortasse
1105 2031 1202 2068 ludat,
1226 2034 1281 2062 aut
1303 2031 1495 2072 Tragoediae

317 2167 343 2197 1)
362 2167 426 2190 Data
452 2169 491 2190 esi
519 2167 582 2191 haec
609 2167 723 2198 epistula
741 2167 765 2191 d.
784 2165 816 2190 19
835 2174 868 2190 m.
887 2166 958 2197 Sept.
975 2173 998 2189 a.
1016 2164 1094 2196 18‘29;
1115 2168 1268 2189 asservatur
1286 2165 1313 2189 in
1333 2165 1495 2190 Bibliotheca

321 2206 362 2229 ide
384 2207 413 2230 si.

285 2207 342 2275 Le2)
361 2214 395 2269 lrila
416 2246 469 2269 sere
487 2249 548 2270 sunt
569 2246 645 2270 verba
664 2246 690 2270 in
711 2246 824 2270 Historia
843 2246 938 2270 Classis
956 2245 1050 2269 tertiae
1070 2252 1092 2269 a.
1111 2244 1183 2274 1833,
1206 2252 1230 2275 p.
1249 2245 1312 2269 L111.

317 2284 332 2307 3
385 2304 389 2309 .
426 2304 430 2308 i

317 2286 344 2353 43
364 2285 389 2348 Ξ,
407 2286 430 2347 Ξ.
