1673 2768
694 323 733 353 33

106 427 183 448 voor
219 417 257 448 de
294 417 431 458 hoogere
462 417 572 447 critiek
605 426 665 446 van
692 416 743 446 het
779 415 876 454 Sym
892 416 1026 456 posiu
1042 425 1071 445 m
1109 425 1146 446 en
1171 425 1232 445 van
1259 415 1318 445 den

107 473 132 504 O
145 483 162 505 e
175 483 191 504 c
205 483 222 504 o
236 483 255 503 n
270 483 288 504 o
302 474 385 504 mic
399 483 419 504 u
434 484 449 504 s
482 483 543 503 van
568 472 747 513 Xenophon
774 472 902 502 worden
928 481 997 502 zeer
1022 471 1215 512 belangrijke
1240 481 1319 511 pun-

105 533 157 560 ten
189 529 391 570 aangeroerd,
423 529 499 560 alles
524 532 588 560 met
612 538 688 560 eene
725 527 1007 566 Latiniteit,
1043 537 1098 558 zoo
1123 528 1169 559 als
1195 529 1241 568 wij
1269 528 1319 558 die

106 596 166 616 van
192 586 230 617 de
253 585 444 617 Hollanders
468 586 601 626 gewend
624 584 716 626 zijn'‘.

149 642 231 673 Satis
267 642 406 683 profecto
442 642 555 673 laudis.
589 641 657 672 Iam
695 644 895 672 transeamus
929 641 968 671 ad
1000 641 1161 671 hominem
1189 641 1319 671 minime

105 698 291 737 officiosum,
327 699 453 739 qualem
492 698 693 739 Oaspersium
725 697 824 728 fuisse
856 700 987 727 constat.
1021 696 1046 727 O
1079 706 1207 728 auream
1232 697 1318 727 illam

105 755 371 786 mediocritatem!
405 754 583 785 Guilelmus
617 754 750 795 Caspers
782 764 807 784 a.
835 755 918 784 1842
945 755 975 783 in
1002 753 1110 792 diario,
1131 754 1182 784 cui
1203 763 1317 784 nomen

105 816 152 843 est
179 811 287 851 „Neue
311 811 532 842 Jahrbiicher'’
550 810 573 848 1)
597 812 895 842 commentationem
917 811 1059 851 scripsit:
1086 809 1152 849 „De
1164 810 1321 851 Apologia

105 868 242 899 Socratis
274 867 480 908 Xenophonti
514 867 754 898 abiudicanda''.
789 866 859 904 Qua
891 868 1156 898 commentatione
1179 867 1242 897 iam
1267 866 1320 897 ab-

105 925 209 955 soluta
241 935 259 955 a
282 924 313 955 F.
338 924 390 955 Th.
417 924 583 955 Welckero
609 924 707 955 Geelii
733 924 923 964 opusculum
949 926 1120 964 acceperat,
1145 923 1230 964 quod
1256 926 1318 954 tam

110 983 141 1012 in'
178 982 270 1012 initio
304 991 399 1022 quam
433 982 464 1011 in
496 981 559 1012 fine
589 981 814 1021 disputationis
840 990 916 1011 suae
941 980 1081 1011 refellere
1106 983 1239 1011 conatus
1265 983 1319 1011 est.

149 1038 185 1068 In
223 1047 256 1069 re
288 1037 384 1068 dubia
415 1039 463 1068 vir
495 1038 699 1068 doctiSsimus
722 1038 839 1068 amavit
864 1036 1149 1077 breviloquentiam
1175 1046 1279 1077 neque
1303 1047 1321 1067 a

105 1095 274 1126 calumniis
299 1094 472 1133 abhorruit,
497 1094 607 1135 quales
632 1097 722 1125 sunt:
752 1093 910 1132 „absurda
934 1093 1062 1124 Geelius
1087 1103 1144 1124 sua
1167 1094 1319 1134 interpre-

107 1152 227 1182 tatione
260 1151 377 1182 inferre
412 1151 557 1182 studuit”
593 1154 633 1192 (p.
674 1151 764 1188 136);
804 1150 921 1189 „vides‚
954 1160 1048 1190 quam
1081 1149 1159 1181 salse
1191 1149 1319 1181 Geelius

105 1207 266 1248 disputet’⁷
297 1211 338 1248 (p.
373 1208 464 1245 137);
497 1208 621 1248 „inepta
645 1207 905 1247 interpretatione
929 1206 1014 1236 hunc
1037 1206 1143 1237 locum
1169 1206 1318 1247 deprava-

105 1263 171 1295 vit'’
202 1267 243 1305 (p.
270 1265 353 1302 138).
386 1264 423 1294 In
449 1264 539 1294 initio
564 1264 728 1294 clamavit:
757 1263 910 1302 „alterum
936 1262 1138 1293 Valckenarii
1162 1263 1318 1294 iudicium

106 1321 143 1352 de
169 1321 325 1361 Apologia
349 1320 573 1361 Xenophontis
597 1320 636 1351 ad
661 1319 753 1351 Mem.
778 1319 802 1359 Ι,
828 1321 856 1359 3,
882 1320 900 1350 9
932 1319 1195 1360 prudenter
1220 1320 1319 1350 omi-

105 1377 167 1408 sit
203 1377 341 1415 Geefius,
374 1377 491 1417 quippe
516 1376 601 1417 quod
622 1376 786 1415 rationem⁷
809 1385 866 1406 cur
890 1375 967 1406 haec
990 1375 1145 1416 Apologia
1170 1386 1188 1406 a
1211 1375 1318 1407 Xeno-

104 1434 221 1474 phonte
245 1434 364 1474 scripta
387 1442 456 1464 esse
481 1442 544 1463 non
570 1433 679 1473 possit,
702 1433 923 1473 gravissimam
949 1431 1129 1463 contineat''
1145 1430 1177 1470 2).

150 1489 241 1527 Quod
274 1490 386 1521 attinet
412 1489 452 1520 ad
476 1489 696 1520 refutationem
722 1490 831 1530 ipsam,
857 1488 990 1529 Caspers
1014 1490 1232 1529 quaestionem
1258 1498 1317 1520 acu

137 1595 162 1625 1)
183 1595 268 1619 Huius
286 1595 363 1618 diarii
383 1594 454 1618 tituli
473 1597 527 1617 tres
547 1594 628 1617 fuisse
648 1593 783 1617 videntur:
805 1593 902 1617 Archiv
921 1594 965 1617 fiir
984 1593 1127 1624 Philologie
1146 1593 1199 1616 und
1221 1593 1318 1617 Paeda-

104 1635 195 1666 gogik3
224 1635 298 1659 Neue
322 1634 488 1658 Jahrbiicher
507 1634 550 1657 ffir
569 1633 712 1663 Philologie
732 1633 785 1656 und
805 1632 968 1663 Paedagogik
987 1632 1050 1656 oder
1069 1632 1201 1656 Kritische
1220 1632 1317 1656 Biblio-

104 1675 166 1698 thek
196 1675 238 1698 fiir
262 1674 308 1697 das
326 1673 420 1697 Schul-
440 1673 493 1697 und
512 1672 779 1697 Unterrichtswesen.
799 1672 848 1696 Sed
869 1672 892 1695 id
913 1672 1039 1702 temporis
1058 1672 1137 1696 etiam
1156 1672 1317 1702 appellatum

103 1721 160 1738 esse
188 1713 295 1745 „Zahnii
321 1712 529 1743 Supplementa”
553 1714 662 1742 apparet
686 1719 716 1735 ex
736 1711 819 1735 Geelii
838 1711 961 1742 epistula,
978 1718 1045 1742 quae
1064 1712 1162 1742 legitur
1180 1712 1207 1735 in
1227 1711 1317 1741 diario,

103 1753 147 1777 cui
166 1760 262 1777 nomen
283 1752 448 1784 „Zeitschritt
466 1752 510 1775 fiir
528 1752 569 1775 die
589 1751 968 1780 Alterthumswissenschaft”,
985 1758 1052 1781 quae
1070 1751 1138 1774 infra
1157 1751 1291 1774 afferetur.

136 1793 163 1823 2)
182 1793 218 1817 I.l.
238 1800 261 1823 p.
279 1791 336 1816 102.
359 1791 407 1816 Cui
426 1791 625 1815 demonstrandi
644 1791 739 1814 rationi
758 1790 819 1814 Geel
832 1791 859 1814 in
869 1790 1041 1821 diari0‚quod
1053 1790 1318 1822 inscribiturz„Zeit-

102 1832 197 1856 schrift
215 1831 259 1856 fiir
277 1831 318 1854 die
336 1829 705 1855 Alterthumswiseenschast''
723 1837 745 1854 a.
763 1829 828 1853 1842
847 1837 868 1854 c.
886 1829 933 1852 407
954 1829 980 1853 in
997 1830 1111 1860 epistula
1121 1829 1150 1853 ad
1162 1829 1317 1860 Emperium

103 1879 182 1896 suum
209 1871 268 1895 data
287 1871 351 1894 haec
370 1870 518 1901 respondit:
538 1869 624 1901 „Cavi,
642 1872 772 1900 quantum
794 1869 876 1900 potui,
895 1876 928 1893 ne
946 1871 1035 1892 essent
1054 1870 1121 1896 τυρός
1140 1868 1165 1897 γ’
1185 1869 1253 1897 ἕτεραι
1272 1869 1318 1896 θερ-

103 1912 190 1939 μότερα
209 1911 248 1942 (se
267 1910 475 1941 Emperiumque
494 1909 653 1933 defensurus
672 1909 807 1940 Ungerum
827 1909 914 1932 virum
933 1910 1100 1939 arrogantem
1118 1908 1316 1939 castigaverat):

104 1951 151 1975 hoc
170 1950 318 1981 significare
338 1949 382 1973 tibi
405 1949 483 1978 volui,
501 1948 607 1979 Emperi
626 1948 791 1977 suavissime,
807 1947 1082 1978 istiusmodiimpetus
1093 1947 1316 1971 stomachantium

103 1991 187 2015 famae
207 1990 312 2014 officere
333 1997 381 2013 nec
400 1989 474 2013 bonis
493 1989 577 2012 literis
596 1988 727 2019 prodesse,
746 1995 794 2011 nec
810 1990 931 2011 mutuam
947 1987 1087 2011 conciliare
1099 1987 1318 2011 benevolentiam.

104 2031 166 2055 Eam
193 2029 349 2060 praesertim
376 2029 433 2052 dieo
461 2028 681 2056 benevolentiam,
707 2034 774 2058 quae
802 2027 921 2051 veritatis
939 2034 1064 2056 amorem,
1081 2026 1139 2050 sine
1156 2034 1208 2057 quo
1226 2027 1317 2050 nullus

103 2072 142 2093 est
171 2069 209 2093 vel
231 2068 446 2093 excellentissimi
465 2068 565 2099 ingenii
585 2068 697 2096 fruetus,
715 2067 742 2090 in
762 2067 868 2090 nemine
886 2068 1039 2096 suspectum
1058 2066 1144 2092 habet.
1163 2065 1213 2089 nisi
1233 2066 1317 2096 pluri-

104 2117 160 2133 mae
179 2109 232 2132 sint
250 2107 401 2138 suspicandi
419 2115 522 2131 causae.
540 2107 717 2135 Quamobrem
735 2106 797 2136 quid
820 2106 912 2129 secisse
932 2113 973 2129 me
993 2108 1078 2136 putas,
1099 2105 1214 2135 Emperi,
1232 2112 1315 2136 quum

103 2156 189 2179 nuper
215 2148 242 2172 in
270 2147 399 2178 Caspersii
427 2147 611 2177 Disputatione
633 2146 665 2169 de
685 2145 807 2176 Apologia
827 2145 941 2169 Socratis
960 2144 1150 2175 Xenophontea
1168 2145 1206 2175 (in
1226 2145 1317 2168 Zahnii

103 2189 194 2219 Suppl.
220 2187 247 2211 T.
266 2187 336 2217 VIII)
354 2187 478 2218 legerem,
496 2194 537 2210 me
556 2186 644 2210 nescio
663 2185 736 2216 quid,
757 2184 825 2215 quod
847 2185 995 2208 sententiae
1015 2191 1089 2207 meae
1115 2184 1249 2208 adversari
1268 2192 1316 2215 pu-

103 2228 237 2256 tavissem,
264 2226 476 2257 prudenter
503 2225 661 2250 reticuisse?
688 2238 719 2241 —
747 2224 835 2252 Quum
863 2224 1118 2247 Commentationem
1146 2223 1226 2253 illam,
1247 2224 1316 2254 peri-

105 2267 213 2296 tissime,
233 2268 262 2290 ut
280 2266 427 2295 videbatur⁷
445 2266 571 2296 scriptam
590 2264 714 2288 lubenter
732 2264 867 2294 explorare
878 2263 1137 2293 instituissem‚i11ud
1158 2263 1248 2293 prud
1261 2271 1315 2287 en-

105 2309 161 2330 ter
195 2313 209 2330 e
242 2305 364 2329 manibus
390 2305 456 2329 meis
484 2305 599 2329 excussit
623 2303 743 2332 eandem,
770 2303 970 2333 usurpandique
999 2303 1160 2333 voluptatem
1188 2302 1316 2326 obtudit'‘.

104 2345 249 2378 (Nonnulla
269 2345 362 2368 menda
381 2344 568 2375 typographica
588 2345 612 2367 in
632 2350 661 2367 ea
681 2342 794 2373 epistula
813 2343 936 2372 correxi).

1201 2386 1218 2411 3
