1673 2768
699 309 730 330 X[

509 476 616 507 Secrlo
641 476 680 507 ΙΙ.
705 487 733 517 p.
759 477 920 508 66—113.

193 550 240 581 De
264 551 400 582 editione
424 549 582 591 Olympici
608 554 638 582 et
662 552 700 582 de
725 551 957 583 Commentario
983 554 1013 583 in
1040 554 1121 584 hano
1146 557 1175 584 et
1199 555 1230 584 in

354 607 494 647 reliquas
520 607 631 638 Dionis
656 607 874 647 Chrysostomi
900 608 1074 640 Orationes.

105 686 201 715 CAPUT
222 685 245 714 I.
269 696 295 723 p.
319 687 444 715 66—79.

185 744 249 777 Quo
282 744 448 772 summatim
481 745 645 781 exponitur,
676 746 790 783 qualem
823 755 939 784 operam
972 746 1044 775 Geel
1067 746 1095 774 in
1118 732 1218 775 Dionis

185 796 383 833 Chrysostomi
414 800 497 824 textu
519 798 695 826 emendando
717 802 746 826 et
764 799 980 836 interpretando
1003 799 1221 836 consumpserit.

138 855 150 886 g
170 855 191 878 1.
209 854 311 883 Quibus
339 855 504 885 temporibus
531 855 558 879 in
587 856 692 880 Dioneis
709 856 918 886 interpretandis
936 859 962 880 et
980 857 1153 880 emendandis

211 903 356 930 occupatus
375 901 455 924 suerit
495 919 1147 926 ..............
1220 900 1319 925 66-73

139 945 151 976 g
169 944 192 969 2.
212 945 247 969 De
266 945 348 970 Geelii
367 945 393 969 in
413 945 581 976 Olympicum
601 955 723 975 παρεργεις
747 965 1149 971 .........
1222 946 1320 970 73—75

138 991 150 1022 ἓ
167 990 191 1015 3.
211 991 267 1019 Qua
277 991 476 1015 demonstratur
487 992 671 1022 Emperianam
684 993 774 1016 Dionis
784 993 926 1016 editionem
940 993 1054 1016 multum
1064 992 1153 1016 Geelio

212 1037 307 1061 debere
326 1038 491 1068 eandemque
511 1039 608 1061 nostris
624 1038 710 1061 adhuc
727 1038 891 1068 temporibus
907 1038 1083 1061 necessariam
1095 1046 1152 1061 esse

212 1082 240 1106 in
258 1082 406 1106 adhihenda
425 1083 539 1107 editione
559 1084 713 1108 Arnimiana
746 1102 1149 1108 .........
1222 1082 1319 1106 75-79

106 1157 204 1187 CAPUT
224 1158 264 1187 II.
287 1168 315 1196 p.
337 1159 465 1187 80-87.

185 1215 263 1249 Quid
291 1216 325 1245 de
354 1216 497 1245 codicibus
524 1217 594 1246 Geel
622 1217 795 1246 iudicaverit
818 1228 930 1256 quoque
954 1218 1036 1246 modo
1059 1227 1157 1246 eorum

185 1268 319 1297 subsidiis
340 1268 378 1296 sit
398 1278 475 1296 usus.

139 1327 151 1358 ἓ
170 1327 193 1351 1.
211 1326 313 1355 Quibus
331 1326 436 1350 auxiliis
455 1326 516 1350 Geel
537 1335 601 1351 usus
619 1328 652 1351 sit
693 1346 1148 1353 ..........
1220 1327 1316 1351 80-81

139 1373 151 1404 ἓ
168 1372 191 1397 2,
210 1372 292 1401 Quale
310 1373 367 1396 eius
385 1373 417 1396 de
436 1372 570 1396 codicibus
589 1373 644 1397 suis
663 1374 743 1397 fuerit
763 1375 891 1398 iudicium
945 1392 1148 1398 .....
1221 1372 1320 1397 81j83

139 1418 151 1449 ἓ
169 1417 192 1442 3.
211 1418 266 1446 Quo
286 1418 361 1442 modo
379 1418 500 1442 codicum
519 1418 646 1442 lectiones
665 1419 816 1443 adhibuerit
846 1438 1148 1443 .......
1221 1418 1318 1442 83-87

106 1494 203 1524 CAPUT
224 1494 275 1523 ΠΙ.
297 1504 323 1532 p.
346 1496 472 1525 87—98.

186 1554 251 1586 Qua
279 1553 328 1582 via
358 1563 390 1581 ac
412 1553 523 1581 ratione
546 1553 616 1582 Geel
639 1553 739 1581 Dionis
760 1556 871 1582 textum
894 1554 1102 1591 interpretatus
1123 1554 1159 1581 sit

186 1608 214 1634 et
236 1605 438 1634 vindicaverit.

140 1663 152 1694 ξ
171 1663 193 1687 1.
212 1663 283 1691 Quae
301 1663 399 1694 quibus
418 1663 501 1686 modis
520 1663 546 1687 in
568 1663 656 1687 Dionis
675 1663 839 1687 orationibus
858 1664 891 1687 sit
910 1664 1103 1694 interpretatus
1143 1682 1148 1687 .
1221 1663 1319 1687 87—90

140 1709 153 1740 ἓ
171 1708 194 1733 2.
214 1709 304 1733 Dionis
322 1711 426 1733 textum
445 1709 588 1732 vindicavit

215 1763 238 1779 a.
257 1757 309 1778 tam
320 1755 491 1786 grammatica
502 1755 626 1778 universa
636 1762 717 1785 quam
727 1755 816 1778 Dionis
826 1754 957 1779 scribendi
968 1762 1064 1785 genere
1075 1755 1165 1785 nixus;
1222 1753 1321 1777 90—94

216 1800 238 1825 b.
257 1808 309 1824 non
334 1801 422 1824 omnia
440 1801 535 1824 menda
553 1800 733 1830 librariorum,
750 1801 795 1824 sed
814 1800 942 1824 nonnulla
961 1800 1097 1831 scriptoris
1115 1800 1154 1831 ip-

254 1846 309 1870 sius
327 1853 384 1870 esse
401 1848 488 1876 ratus;
549 1863 1150 1870 .............
1222 1844 1321 1868 94—95

218 1900 239 1916 c.
257 1892 411 1916 melioribus
429 1891 587 1916 lectionibus
605 1899 619 1915 e
636 1891 770 1916 codicibus
788 1891 879 1915 electis
895 1910 1149 1915 ......
1221 1889 1320 1914 95-98

108 1967 205 1997 Cipum
225 1968 278 1998 IV.
301 1978 329 2005 p.
352 1968 498 1996 98—113.

188 2026 232 2054 De
253 2025 346 2054 Geehi
364 2025 394 2053 in
409 2025 510 2054 Dionis
522 2025 664 2054 orationes
675 2025 845 2053 coniecturis
857 2028 885 2053 et
896 2025 1152 2053 emendationibus.

141 2087 153 2115 ς’
173 2084 195 2108 1.
214 2083 283 2112 Quas
302 2084 333 2108 ad
353 2091 394 2107 res
413 2083 495 2108 Geelii
513 2091 556 2107 ars
574 2084 665 2108 critica
685 2083 814 2113 pertineat
850 2101 1152 2107 .......
1203 2082 1315 2106 98—101

141 2129 155 2162 §
173 2129 196 2153 2.
215 2129 291 2153 Prius
317 2130 472 2161 inquiritur,
498 2137 550 2160 quo
569 2129 655 2153 studio
675 2128 736 2152 Geel
758 2128 857 2159 priores
876 2129 903 2152 in
922 2129 1030 2152 Dionem
1050 2129 1153 2152 coniec-

214 2178 289 2199 turas
307 2175 511 2205 conquisiverit;

216 2221 319 2250 deinde,
337 2220 442 2251 quando
460 2220 640 2244 coniecturam
660 2220 820 2250 probandam
839 2219 972 2250 putaverit
1001 2238 1006 2243 ,
1049 2237 1054 2242 .
1100 2237 1105 2242 .
1149 2237 1154 2243 .
1191 2217 1319 2242 101—104

143 2267 155 2298 ἓ
172 2265 195 2290 3.
213 2266 305 2297 Neque
323 2269 413 2290 tamen
431 2273 535 2296 semper
553 2266 699 2290 observavit
717 2273 756 2295 ea,
774 2272 841 2296 quae
857 2265 912 2295 ipse
928 2264 960 2288 ab
971 2264 1154 2288 emendatione

217 2312 395 2342 postulaverat
398 2328 1153 2335 ................
1189 2308 1320 2333 104-107
