1673 2768
892 330 932 360 76

306 425 459 465 expositis
495 432 576 464 quae
611 422 671 453 Dio
708 422 816 453 Geelio
851 423 912 452 iam
949 421 1076 452 deberet
1107 422 1151 451 ita
1171 422 1290 462 pergit:
1319 429 1421 460 „quae
1445 429 1519 450 vero

307 480 443 511 habebas
479 488 579 510 novae
611 479 759 509 editionis
783 479 908 519 egregia
932 478 1156 517 instrumenta,
1179 486 1216 508 ea
1240 477 1345 508 omnia
1369 475 1520 507 liberalis-

307 538 385 569 sime
418 536 494 567 mihi
527 536 723 572 concessisti,
748 544 843 575 quem
869 535 1068 565 existimares
1093 533 1206 565 Dionis
1231 534 1381 564 editorem
1407 533 1433 563 si
1458 542 1521 563 non

307 594 467 632 idoneum,
491 592 685 623 industrium
712 594 794 622 certe
818 591 963 621 futurum
988 600 1065 621 esse.
1086 589 1168 620 Nam
1191 589 1224 620 L.
1248 588 1445 629 Dindorfius,
1467 589 1523 628 qui

307 644 467 685 quondam
493 652 595 673 novae
618 642 812 673 recensionis
837 651 924 681 spem
949 640 1075 681 fecerat,
1100 643 1130 671 et
1153 639 1252 671 Tuam
1276 642 1307 670 et
1326 639 1522 680 reliquorum

307 700 419 731 Dionis
444 699 659 730 studiosorum
684 698 951 738 exspectationem
977 698 1111 728 nimium
1137 695 1347 727 morabatur''.

354 757 526 797 Postquam
563 756 646 786 euim
683 754 800 795 Emper
839 763 1026 793 „censuram
1063 755 1093 784 et
1127 753 1201 784 libri
1226 752 1367 784 Geeliani
1393 754 1422 783 et
1446 751 1524 782 Pro-

308 813 491 854 grammatis
516 812 692 853 Ungeriani
717 809 951 851 conscripsi(t)'’
968 808 999 849 ¹),
1025 810 1100 841 Geel
1126 811 1153 840 ei
1179 811 1265 840 misit
1289 819 1364 840 suas
1385 808 1524 839 collatio-

310 880 365 900 nes
410 872 440 900 et
483 879 577 900 suum
616 868 757 898 codicem
794 867 1091 898 Meermannianum
1108 865 1139 903 ²).
1175 866 1236 897 Sed
1272 866 1345 906 plus
1380 865 1470 896 fecit:
1508 875 1526 895 a

310 925 436 965 Cobeto,
464 926 519 966 qui
544 928 620 955 tunc
644 923 913 965 peregrinabatur,
937 924 1058 964 petivit,
1083 926 1118 954 ut
1142 922 1352 963 Emperianae
1376 921 1524 952 editionis

311 992 407 1013 causa
443 982 567 1012 codices
599 980 760 1011 Romanos
785 979 898 1011 Dionis
923 980 1084 1011 evolveret
1108 982 1138 1010 et
1163 980 1337 1020 scripturae
1362 978 1525 1008 diversita-

310 1043 375 1070 tem
402 1041 551 1069 enotaret.
579 1037 670 1074 Quod
695 1038 746 1068 hic
771 1036 981 1068 libentissime
1005 1036 1078 1067 fecit
1102 1036 1300 1076 schedasque
1325 1037 1360 1066 ut
1386 1037 1525 1075 „partem

312 1094 508 1134 θρεπτηρίων”
539 1094 732 1135 Lugdunum
763 1093 955 1124 Batavorum
981 1094 1078 1134 misit,
1103 1093 1188 1123 unde
1212 1092 1427 1132 Brunsvigam
1452 1093 1528 1122 sunt

311 1153 517 1183 transmissae
532 1149 566 1192 3).

358 1208 466 1248 „Quae
498 1211 570 1239 ante
602 1218 628 1238 a.
666 1207 772 1238 1844”
802 1226 837 1229 —
862 1208 905 1237 ita
929 1207 1104 1238 rectissime
1129 1205 1276 1245 Souny⁴)
1303 1223 1343 1227 —-
1372 1204 1430 1243 „ad
1455 1203 1528 1234 Dio-

313 1276 384 1297 nem
411 1265 645 1296 emendandum
671 1264 782 1295 collata
805 1266 890 1303 sunt,
914 1266 977 1294 tam
999 1263 1167 1303 diligenter
1180 1263 1338 1303 congessit
1350 1261 1529 1301 Emperius,

312 1326 348 1353 ut
371 1323 565 1364 paucissima
589 1324 722 1361 tantum,
747 1330 829 1362 quae
851 1321 989 1351 alicuius
1011 1322 1117 1351 essent
1138 1319 1298 1359 momenti,
1319 1316 1528 1356 omiserit‘’5).

357 1439 405 1471 De
429 1440 543 1470 Arnim
569 1441 673 1470 autem
700 1438 819 1469 nostris
844 1437 1042 1478 temporibus
1067 1446 1158 1468 suam
1183 1436 1354 1467 editionem
1369 1434 1394 1475 θ)
1407 1435 1531 1476 paravit

314 1499 417 1527 varias
454 1496 493 1527 ob
529 1506 658 1527 causas:
692 1496 830 1536 primum
863 1494 902 1525 ob
927 1494 1164 1525 emendationes
1187 1493 1390 1530 recentiores,
1416 1491 1531 1522 deinde

314 1554 399 1595 quod
434 1554 465 1584 in
498 1553 639 1593 Emperii
672 1552 810 1583 editione
834 1562 907 1593 pars
931 1551 1147 1590 collationum,
1172 1560 1251 1591 quas
1276 1548 1374 1579 Cobet
1397 1549 1531 1588 eiusque

315 1612 409 1641 amici
434 1610 582 1649 fecerant,
606 1619 669 1640 non
694 1610 726 1639 iu
751 1609 836 1640 calce
861 1608 945 1639 edita
966 1608 1021 1639 sed
1040 1607 1121 1638 libro
1134 1607 1284 1637 adiuncta
1297 1608 1344 1636 est
1357 1604 1389 1644 7),
1403 1605 1530 1636 tertium

315 1667 401 1708 quod
428 1677 500 1708 pars
525 1669 649 1697 tantum
674 1666 820 1697 codicum
848 1666 1025 1705 unicuique
1049 1664 1185 1695 orationi
1208 1663 1247 1694 ab
1271 1662 1419 1703 Emperio
1443 1661 1531 1692 adhi-

350 1803 378 1834 1)
396 1803 433 1827 Cf.
453 1803 570 1833 Emperii
589 1801 671 1832 praef.
692 1809 715 1832 p.
734 1801 763 1825 V.

350 1843 377 1873 ΞΖ)
396 1843 432 1866 Cf.
461 1841 576 1872 Emperii
605 1841 732 1872 praefatio
762 1840 840 1864 variis
867 1840 938 1868 locis,
965 1840 1056 1863 Sounii
1083 1839 1136 1870 „Ad
1162 1838 1271 1861 Dionem
1292 1837 1382 1860 Annis
1404 1844 1426 1866 p.
1445 1836 1486 1860 33.
1505 1837 1533 1860 ln

316 1883 454 1907 Tabulario
482 1882 658 1905 Bibliothecae
685 1881 819 1904 Leidensis
845 1882 1017 1903 asservantur
1045 1886 1138 1902 novem
1164 1877 1293 1908 epistulae
1311 1877 1343 1899 ab
1362 1876 1484 1906 Emperio
1502 1875 1532 1899 ad

317 1923 437 1946 Geelium
456 1922 531 1945 datae
550 1924 576 1945 et
594 1924 705 1951 septem,
723 1920 820 1951 quibus
840 1919 900 1943 Geel
920 1920 944 1942 ei
964 1918 1105 1949 respondit⁴

350 1962 377 1988 3)
396 1961 433 1985 Cf.
461 1961 589 1992 „Brieven
619 1968 667 1984 van
696 1959 776 1983 Cobet
803 1966 852 1982 :ian
869 1959 947 1983 Geeln
968 1966 990 1989 p.
1009 1957 1066 1989 40⁶2,
1084 1956 1141 1987 405,
1160 1956 1217 1985 410,
1234 1955 1291 1986 411,
1308 1954 1364 1978 456.
1386 1955 1482 1985 Einper
1499 1954 1535 1978 1.l.

319 2009 341 2032 p.
368 2000 416 2024 790
442 2001 505 2024 haec
532 2000 652 2030 scripsit:
679 1998 901 2031 „(subsidiorum)
921 2005 980 2028 pars
1001 1998 1077 2028 longe
1097 1997 1210 2020 maxima
1228 1995 1278 2026 ipsi
1297 1994 1408 2018 debetur
1426 1993 1536 2024 Cobeto;

318 2041 447 2071 quaedam
465 2040 523 2064 eius
541 2040 633 2063 amicis
654 2039 796 2063 Badhauiio
816 2041 841 2062 et
859 2037 1081 2062 Tischendorfio'ss

352 2081 379 2111 4)
399 2080 451 2111 „Ad
474 2080 583 2103 Diouem
601 2079 691 2103 ΑΠΆΙ.υ
714 2087 738 2109 p.
757 2078 813 2102 134.

351 2120 378 2149 51)
396 2120 432 2143 Cf.
453 2122 589 2150 praeterea
608 2118 722 2142 Arnimii
741 2118 822 2149 praes.
842 2125 865 2148 p.
884 2117 1000 2141 XXXIX.
1018 2119 1045 2140 et
1065 2115 1238 2139 Herwerdeni
1257 2113 1385 2137 iudicium
1405 2113 1432 2136 iu
1451 2112 1536 2142 diarii,

319 2160 361 2183 cui
382 2167 477 2183 nomen
498 2158 662 2190 „Museun1“,
681 2158 729 2181 vol.
749 2158 766 2181 l.
787 2158 847 2181 fasc.
867 2156 906 2180 12.

353 2198 379 2227 G)
398 2199 503 2229 „Diouis
521 2198 682 2229 Prusaeusis,
700 2205 779 2228 quein
801 2199 892 2221 vocant
912 2196 1137 2227 Clirysostomum.
1156 2201 1224 2226 quae
1234 2195 1338 2217 exstant
1349 2193 1436 2216 omnia
1447 2192 1538 2221 edidit,

320 2242 447 2269 apparatu
476 2238 566 2261 critico
593 2237 719 2261 instruxit
745 2237 766 2261 J.
786 2237 818 2260 de
837 2236 947 2260 Arnimu
967 2235 1095 2264 (Berolini
1113 2234 1182 2265 apud
1202 2233 1391 2258 Weidninnnos
1410 2232 1458 2255 vol.
1478 2232 1495 2255 I.
1514 2239 1536 2255 a.

322 2277 394 2306 1893,
425 2278 472 2301 vol.
499 2277 530 2301 ΙΙ.
557 2285 579 2301 a.
606 2277 691 2306 1896).
718 2277 747 2300 A.
774 2276 840 2300 1893
868 2276 915 2299 vol.
941 2275 981 2299 111.
1002 2275 1103 2298 editum
1123 2276 1163 2297 est
1181 2273 1230 2297 sub
1249 2273 1342 2296 titulo:
1361 2271 1464 2303 „Leben
1483 2271 1536 2294 und

324 2317 420 2342 werke
438 2317 483 2340 des
503 2317 548 2340 Dio
570 2324 618 2340 von
638 2317 744 2340 Prusa&

357 2357 382 2387 7)
401 2356 463 2380 Sero
483 2357 530 2380 line
550 2357 701 2380 collationes
720 2356 883 2379 advenerant
902 2355 945 2385 (cs.
965 2354 1142 2378 Additament.
1161 2352 1276 2383 Emperii
1299 2359 1323 2382 p.
1341 2350 1408 2381 790).
