1673 2768
716 332 754 362 75

124 423 239 454 verbiis
286 423 349 463 egit
384 423 422 453 ad
459 434 485 464 p.
523 424 613 462 5040,
646 423 700 454 ubi
736 424 869 463 legitur:
907 422 1015 460 σχεδὸν
1050 420 1095 452 οὖν
1134 422 1339 460 πκρκπ>,ήσι;ν

123 478 299 509 πεπόνθασιν
335 479 359 509 οἱ
394 479 459 516 ἐμοὶ
496 479 577 516 λόγοι
612 480 652 517 τῷ
688 478 805 518 κεράμῳ
840 479 881 517 τῷ
916 478 1052 516 Τενεδίῳ,
1092 479 1176 509 unde
1212 482 1340 518 apparet

122 535 291 566 Erasmum
321 545 384 566 non
410 539 494 567 recte
517 536 650 567 finxisse
675 535 878 577 proverbium
904 535 942 566 de
965 535 1102 566 Tenedia
1126 535 1242 575 tegula,
1268 544 1339 564 nam

122 594 246 622 constat
282 601 298 622 e
334 590 436 622 Dione
474 591 703 631 „Tenediorum
740 601 820 632 opus
844 591 972 632 elegans
996 591 1106 630 fuisse,
1131 593 1227 631 atque
1251 590 1343 621 facile

123 648 285 679 invenisse
320 651 464 687 emtores,
495 649 639 679 omnium
663 650 769 679 autem
795 647 894 679 fuisse
918 647 1191 688 fragilissimum‘'.
1230 646 1342 687 Neque

122 704 241 735 rectius
276 704 411 734 alterum
449 704 654 744 proverbium
691 704 862 735 obscurum
898 714 939 735 ex
975 703 1079 735 verbis
1115 702 1237 739 Dionis,
1261 712 1343 743 quae

124 763 215 791 sunt:
256 760 374 799 ,,Λυδῷ,
411 760 502 799 maeel,
539 759 715 799 πράγματα
751 760 803 791 οὐκ
828 757 895 800 affl,
919 760 958 791 ab
983 760 1091 792 eodem
1118 759 1250 790 Erasmo
1275 759 1343 790 loco

124 817 313 847 Plutarcheo
339 817 453 847 collato
478 817 672 858 explicatum
698 826 767 848 esse
794 820 892 858 putat.

167 872 315 913 Denique
340 873 423 904 inter
448 872 592 911 πάρεργκ,
619 883 701 914 quae
724 872 856 904 Dioneis
881 873 948 904 suis
973 872 1050 903 Geel
1074 872 1232 913 adiunxit,
1257 882 1341 903 com-

124 930 321 960 memorandi
357 932 433 960 sunt
456 929 595 960 ambitus
619 933 650 961 et
675 929 899 970 digressiones,
925 939 1007 970 quae
1031 929 1167 960 attinent
1190 929 1229 959 ad
1254 938 1343 959 sacra

124 988 154 1016 et
178 985 373 1026 religionem,
398 986 636 1026 mythologiam,
656 986 873 1026 antiquitates,
886 985 1060 1025 historiam,
1073 985 1344 1025 ethnographiam‚

123 1042 371 1083 topographiam‚
396 1042 559 1073 historiam
584 1042 768 1082 literariam,
794 1044 888 1081 artes,
912 1051 1023 1073 mores.

168 1098 333 1139 Exempla,
358 1108 439 1139 quae
465 1108 677 1139 unaquaeque
700 1098 766 1129 fere
791 1099 906 1139 pagina
930 1097 1066 1139 praebet,
1086 1098 1189 1129 afferri
1215 1107 1344 1129 neeesse

125 1165 189 1186 non
214 1155 350 1186 videtur.

168 1265 238 1306 §3
282 1265 504 1306 Emperianam
549 1264 662 1296 Dionis
704 1265 875 1296 editionem
912 1265 1048 1296 multum
1086 1265 1194 1297 Geelio
1231 1265 1345 1297 debere

127 1324 267 1359 constat3
294 1322 526 1361 Arnimianam,
551 1331 632 1363 quae
657 1321 848 1362 Emperiana
873 1323 964 1362 quasi
988 1322 1196 1353 fundamento
1221 1323 1343 1363 nititur,

125 1378 229 1409 adhuc
265 1388 305 1409 ex
341 1378 478 1409 editione
512 1378 653 1419 Emperii
689 1378 910 1420 compluribus
935 1379 1014 1410 locis
1037 1379 1248 1420 supplendam
1274 1389 1343 1411 esse

125 1435 401 1466 demonstraturus
426 1445 497 1466 sum
515 1433 546 1472 ¹).

167 1491 285 1532 Emper
320 1502 346 1522 a.
386 1492 470 1522 1844
506 1501 596 1522 suam
633 1492 802 1523 editionem
840 1491 953 1523 Dionis
989 1492 1097 1523 Geelio
1130 1493 1287 1524 dedicavit
1302 1491 1340 1531 2);

158 1602 184 1631 1)
204 1602 230 1625 L.
258 1601 375 1631 Dindorf,
401 1601 432 1625 de
459 1608 511 1631 quo
530 1608 552 1631 p.
572 1600 604 1624 68
623 1608 660 1631 sq.
679 1601 728 1632 egi,
747 1601 821 1631 prius
839 1601 866 1624 in
885 1601 973 1625 animo
992 1601 1084 1625 habuit
1102 1602 1212 1626 Dionem
1231 1602 1257 1625 in
1277 1603 1345 1626 serie

125 1644 264 1665 auctorum
293 1640 411 1664 Parisina
430 1640 516 1664 edere.
536 1641 564 1665 A.
585 1640 645 1664 1841
669 1640 720 1664 iam
740 1648 786 1671 per
805 1641 896 1664 decem
915 1648 998 1664 annos
1016 1648 1107 1665 secum
1127 1641 1255 1664 habuerat
1275 1641 1345 1665 codi-

124 1688 181 1704 cem
209 1680 467 1711 Meermannianum,
485 1687 565 1710 quem
584 1680 646 1704 Geel
666 1680 689 1703 ei
708 1680 885 1704 commiserat.
903 1680 980 1711 (Vide
998 1688 1066 1711 quae
1085 1681 1147 1705 Geel
1167 1681 1345 1705 Bakhuizenio

125 1720 149 1743 d.
172 1719 188 1742 5
213 1727 246 1743 m.
265 1719 329 1743 Nov,
352 1727 374 1743 a.
394 1719 456 1742 1841
478 1719 596 1749 scripsi13
617 1726 696 1750 quam
716 1720 859 1749 epistulam
879 1720 1027 1744 Ilamakera
1045 1720 1127 1744 edidit
1146 1721 1172 1744 in
1191 1720 1283 1751 diario,
1301 1721 1344 1744 cui

126 1766 222 1782 nomen
258 1759 305 1790 „de
342 1759 429 1788 Gids''⁷
464 1766 486 1782 a.
522 1758 588 1782 1906
623 1759 670 1782 vol.
700 1759 742 1782 111.
770 1767 793 1790 p.
821 1758 888 1787 425.)
915 1759 965 1783 Sed
993 1768 1014 1783 a.
1042 1759 1106 1784 1857
1138 1760 1248 1784 Dionem
1276 1761 1345 1791 apud

124 1798 294 1821 Teubnerum
321 1798 411 1822 edidit.
438 1798 510 1821 Hanc
536 1800 625 1821 autem
650 1797 794 1822 editionem
822 1798 927 1822 levioris
954 1799 1081 1823 momenti
1105 1807 1162 1823 esse
1181 1800 1346 1823 contendunt

128 1838 163 1861 De
190 1838 293 1867 Arnim,
319 1837 415 1869 Sonny,
443 1837 559 1861 Schmid.
589 1838 625 1861 De
653 1837 746 1861 Arnim
774 1839 848 1868 proll.
878 1846 901 1869 p.
928 1839 968 1863 lv.
987 1839 1051 1863 liaeo
1070 1839 1162 1863 habet:
1182 1839 1345 1871 „Dindorfia-

127 1885 187 1901 nam
222 1877 365 1901 editionem
395 1885 446 1901 non
476 1877 591 1901 multum
621 1878 751 1908 profuisse
780 1879 850 1902 inter
884 1886 975 1903 omnes
1008 1880 1134 1903 constat''.
1162 1880 1249 1911 Sonny
1279 1879 1347 1911 („Ad

129 1917 235 1941 Dionem
264 1917 355 1941 Anal.''
384 1925 407 1948 p.
435 1917 495 1947 134)
523 1917 600 1941 haec:
628 1918 670 1949 „in
699 1917 814 1941 editione
840 1918 1008 1942 Dindorsiana
1026 1919 1109 1942 multa
1129 1922 1228 1943 temere
1249 1922 1344 1943 novata

127 1959 197 1987 sunt,
224 1964 310 1987 neque
339 1964 457 1988 unquam
485 1957 547 1988 quid
576 1957 603 1981 in
622 1957 757 1981 codicibus
775 1960 854 1987 esset,
872 1958 1000 1981 curavit''.
1019 1957 1125 1982 Solimid
1146 1959 1226 1990 (apud
1247 1959 1344 1990 Pauly-

127 1996 254 2020 Wissowa
286 2004 308 2020 a.
335 1995 400 2020 1905
433 1996 482 2020 sub
518 2004 579 2021 voce
608 1997 686 2028 „Dio”
717 1997 764 2021 col.
792 1996 866 2026 87ss):
893 1998 935 2028 „L.
964 1997 1076 2021 Dindorf
1101 1998 1146 2021 hat
1172 1998 1250 2022 keine
1278 2006 1346 2022 neue

127 2035 175 2058 hsl.
203 2035 314 2059 Studien
342 2036 463 2066 gemacht
484 2036 535 2060 und
557 2044 608 2060 nur
626 2036 658 2060 da
678 2036 730 2060 und
750 2036 808 2060 dort
827 2036 878 2060 deu
896 2036 960 2060 Text
978 2037 1005 2060 in
1025 2037 1238 2061 unhistorischer
1258 2038 1345 2063 Weise

126 2075 429 2106 zui·echtgeschnitte11''.

160 2114 187 2141 2)
207 2114 314 2146 „Dionis
331 2114 509 2146 chrysostomi
528 2115 613 2146 Opera
632 2116 731 2140 Graece
751 2123 764 2139 e
783 2115 947 2139 Recensioue
966 2115 1077 2146 Adolphi
1098 2116 1240 2147 Emperis',
1260 2117 1346 2141 Brun-

128 2153 201 2183 vigae
220 2161 242 2177 a.
261 2153 334 2178 1844.

161 2193 189 2216 D.
216 2192 248 2216 ‘28
276 2201 310 2217 m.
336 2194 412 2217 Marti
435 2202 457 2217 a.
476 2193 541 2217 1844
560 2194 644 2225 Bergk
665 2194 753 2217 Geelio
774 2194 879 2224 scripsit
899 2194 1003 2224 (literae
1022 2197 1194 2219 asservantur
1212 2196 1239 2219 in
1258 2196 1344 2220 Tabu-

127 2232 191 2256 lario
220 2232 395 2257 Bibliothecae
426 2233 584 2263 Leidensis):
614 2234 751 2265 „existimo
783 2236 807 2257 te
837 2234 884 2257 hoc
913 2234 978 2257 meis
1008 2234 1130 2265 precibus
1157 2238 1183 2258 et
1210 2236 1345 2259 communi

129 2271 279 2295 litterarum
309 2272 396 2296 studio
422 2273 549 2297 daturum
575 2281 640 2303 esse,
669 2275 696 2296 ut
723 2273 854 2303 judicium
882 2273 950 2296 seras
969 2273 1000 2297 de
1019 2273 1085 2297 libro
1103 2274 1294 2305 OEmperiano),
1313 2275 1344 2298 de

128 2318 179 2341 quo
199 2313 305 2341 praeter
322 2312 357 2335 Te
373 2312 429 2342 jam
450 2320 527 2336 nemo
545 2313 609 2336 satis
628 2315 699 2336 recte
715 2312 835 2343 judicare
855 2313 964 2344 potest''.
983 2312 1045 2338 Geel
1065 2314 1242 2344 autem‚quod
1254 2314 1344 2347 seiano¹

129 2350 153 2373 id
174 2357 224 2374 non
244 2350 313 2376 fecit.
