<?xml version="1.0" encoding="UTF-8"?>
<!DOCTYPE html PUBLIC "-//W3C//DTD XHTML 1.0 Transitional//EN"
    "http://www.w3.org/TR/xhtml1/DTD/xhtml1-transitional.dtd">
<html xmlns="http://www.w3.org/1999/xhtml" xml:lang="en" lang="en">
 <head>
  <title>
</title>
<meta http-equiv="Content-Type" content="text/html;charset=utf-8" />
  <meta name='ocr-system' content='tesseract 3.04.00' />
  <meta name='ocr-capabilities' content='ocr_page ocr_carea ocr_par ocr_line ocrx_word'/>
</head>
<body>
  <div class='ocr_page' id='page_1' title='image "./dejacobogeelioph00wienuoft_0062.png"; bbox 0 0 1673 2768; ppageno 0'>
   <div class='ocr_carea' id='block_1_1' title="bbox 929 311 970 339">
    <p class='ocr_par' dir='ltr' id='par_1_1' title="bbox 929 311 970 339">
     <span class='ocr_line' id='line_1_1' title="bbox 929 311 970 339; baseline 0 0"><span class='ocrx_word' id='word_1_1' title='bbox 929 311 970 339; x_wconf 80' lang='lat'>42</span> 
     </span>
    </p>
   </div>
   <div class='ocr_carea' id='block_1_2' title="bbox 339 401 1557 1514">
    <p class='ocr_par' dir='ltr' id='par_1_2' title="bbox 343 401 1557 556">
     <span class='ocr_line' id='line_1_2' title="bbox 345 401 1555 442; baseline 0 -10"><span class='ocrx_word' id='word_1_2' title='bbox 345 402 384 432; x_wconf 65' lang='grc' dir='ltr'>τέι</span> <span class='ocrx_word' id='word_1_3' title='bbox 419 403 444 432; x_wconf 75' lang='grc' dir='ltr'>δ’</span> <span class='ocrx_word' id='word_1_4' title='bbox 475 401 560 432; x_wconf 55' lang='grc' dir='ltr'>ἄλλα.</span> <span class='ocrx_word' id='word_1_5' title='bbox 594 402 689 439; x_wconf 67' lang='grc' dir='ltr'><em>τεύχη</em></span> <span class='ocrx_word' id='word_1_6' title='bbox 724 404 856 442; x_wconf 81' lang='lat' dir='ltr'>(praeter</span> <span class='ocrx_word' id='word_1_7' title='bbox 887 403 1034 442; x_wconf 85' lang='lat' dir='ltr'>clipeum)</span> <span class='ocrx_word' id='word_1_8' title='bbox 1062 401 1129 431; x_wconf 75' lang='grc' dir='ltr'><em>κοίν’</em></span> <span class='ocrx_word' id='word_1_9' title='bbox 1167 401 1231 438; x_wconf 73' lang='grc' dir='ltr'>ἐμοί</span> <span class='ocrx_word' id='word_1_10' title='bbox 1254 401 1430 439; x_wconf 58' lang='grc' dir='ltr'>τεθάψεται.</span> <span class='ocrx_word' id='word_1_11' title='bbox 1457 401 1555 432; x_wconf 76' lang='lat' dir='ltr'>Exse-</span> 
     </span>
     <span class='ocr_line' id='line_1_3' title="bbox 343 458 1557 499; baseline -0.001 -10"><span class='ocrx_word' id='word_1_12' title='bbox 343 460 440 489; x_wconf 88' lang='lat' dir='ltr'>cratio</span> <span class='ocrx_word' id='word_1_13' title='bbox 472 460 536 499; x_wconf 82' lang='lat' dir='ltr'>ipsa</span> <span class='ocrx_word' id='word_1_14' title='bbox 563 459 724 499; x_wconf 81' lang='lat' dir='ltr'>aptissime</span> <span class='ocrx_word' id='word_1_15' title='bbox 748 460 896 489; x_wconf 88' lang='lat' dir='ltr'>convenit</span> <span class='ocrx_word' id='word_1_16' title='bbox 921 458 959 488; x_wconf 85' lang='lat' dir='ltr'>ad</span> <span class='ocrx_word' id='word_1_17' title='bbox 985 459 1091 488; x_wconf 86' lang='lat' dir='ltr'>Aiacis</span> <span class='ocrx_word' id='word_1_18' title='bbox 1115 459 1258 488; x_wconf 88' lang='lat' dir='ltr'>animum</span> <span class='ocrx_word' id='word_1_19' title='bbox 1283 459 1329 488; x_wconf 87' lang='lat' dir='ltr'>ira</span> <span class='ocrx_word' id='word_1_20' title='bbox 1353 461 1557 497; x_wconf 87' lang='lat' dir='ltr'>commotum,</span> 
     </span>
     <span class='ocr_line' id='line_1_4' title="bbox 345 515 939 556; baseline 0 -11"><span class='ocrx_word' id='word_1_21' title='bbox 345 515 447 556; x_wconf 86' lang='lat' dir='ltr'>qualis</span> <span class='ocrx_word' id='word_1_22' title='bbox 472 526 489 545; x_wconf 85' lang='lat' dir='ltr'>a</span> <span class='ocrx_word' id='word_1_23' title='bbox 514 515 620 546; x_wconf 89' lang='lat' dir='ltr'>Geelio</span> <span class='ocrx_word' id='word_1_24' title='bbox 646 524 775 555; x_wconf 88' lang='lat' dir='ltr'>quoque</span> <span class='ocrx_word' id='word_1_25' title='bbox 799 515 939 555; x_wconf 82' lang='lat' dir='ltr'>fingitur.</span> 
     </span>
    </p>

    <p class='ocr_par' dir='ltr' id='par_1_3' title="bbox 344 571 1555 659">
     <span class='ocr_line' id='line_1_5' title="bbox 389 571 1555 611; baseline -0.001 -10"><span class='ocrx_word' id='word_1_26' title='bbox 389 572 459 602; x_wconf 88' lang='lat' dir='ltr'>Vss.</span> <span class='ocrx_word' id='word_1_27' title='bbox 497 572 669 601; x_wconf 72' lang='lat'>666—677</span> <span class='ocrx_word' id='word_1_28' title='bbox 707 571 746 602; x_wconf 86' lang='lat' dir='ltr'>ab</span> <span class='ocrx_word' id='word_1_29' title='bbox 782 572 879 602; x_wconf 86' lang='lat' dir='ltr'>Aiace</span> <span class='ocrx_word' id='word_1_30' title='bbox 910 571 1069 611; x_wconf 84' lang='lat' dir='ltr'>designari</span> <span class='ocrx_word' id='word_1_31' title='bbox 1094 573 1184 611; x_wconf 86' lang='lat' dir='ltr'>putat</span> <span class='ocrx_word' id='word_1_32' title='bbox 1210 574 1352 610; x_wconf 81' lang='lat' dir='ltr'>mortem,</span> <span class='ocrx_word' id='word_1_33' title='bbox 1377 580 1458 611; x_wconf 83' lang='lat' dir='ltr'>quae</span> <span class='ocrx_word' id='word_1_34' title='bbox 1482 580 1555 601; x_wconf 87' lang='lat' dir='ltr'>eum</span> 
     </span>
     <span class='ocr_line' id='line_1_6' title="bbox 344 627 810 659; baseline -0.002 -1"><span class='ocrx_word' id='word_1_35' title='bbox 344 628 382 658; x_wconf 85' lang='lat' dir='ltr'>ab</span> <span class='ocrx_word' id='word_1_36' title='bbox 407 629 544 659; x_wconf 88' lang='lat' dir='ltr'>inimicis</span> <span class='ocrx_word' id='word_1_37' title='bbox 569 629 609 658; x_wconf 89' lang='lat' dir='ltr'>sit</span> <span class='ocrx_word' id='word_1_38' title='bbox 633 627 810 658; x_wconf 79' lang='lat' dir='ltr'>liberatura.</span> 
     </span>
    </p>

    <p class='ocr_par' dir='ltr' id='par_1_4' title="bbox 339 683 1556 1062">
     <span class='ocr_line' id='line_1_7' title="bbox 384 683 1556 724; baseline -0.002 -9"><span class='ocrx_word' id='word_1_39' title='bbox 384 684 432 715; x_wconf 91' lang='lat' dir='ltr'>De</span> <span class='ocrx_word' id='word_1_40' title='bbox 460 694 522 715; x_wconf 87' lang='lat' dir='ltr'>vss.</span> <span class='ocrx_word' id='word_1_41' title='bbox 548 684 723 714; x_wconf 84' lang='grc'>678-680</span> <span class='ocrx_word' id='word_1_42' title='bbox 750 685 826 714; x_wconf 86' lang='lat' dir='ltr'>haec</span> <span class='ocrx_word' id='word_1_43' title='bbox 850 684 1015 724; x_wconf 87' lang='lat' dir='ltr'>leguntur:</span> <span class='ocrx_word' id='word_1_44' title='bbox 1045 683 1127 722; x_wconf 83' lang='lat' dir='ltr'>„Zoo</span> <span class='ocrx_word' id='word_1_45' title='bbox 1152 684 1184 714; x_wconf 87' lang='lat' dir='ltr'>ik</span> <span class='ocrx_word' id='word_1_46' title='bbox 1210 684 1260 723; x_wconf 90' lang='lat' dir='ltr'>mij</span> <span class='ocrx_word' id='word_1_47' title='bbox 1287 685 1353 714; x_wconf 86' lang='lat' dir='ltr'>niet</span> <span class='ocrx_word' id='word_1_48' title='bbox 1377 683 1505 723; x_wconf 85' lang='lat' dir='ltr'>bedrieg</span> <span class='ocrx_word' id='word_1_49' title='bbox 1529 684 1556 713; x_wconf 92' lang='lat' dir='ltr'>is</span> 
     </span>
     <span class='ocr_line' id='line_1_8' title="bbox 341 739 1555 780; baseline -0.001 -9"><span class='ocrx_word' id='word_1_50' title='bbox 341 742 379 772; x_wconf 90' lang='lat' dir='ltr'>de</span> <span class='ocrx_word' id='word_1_51' title='bbox 405 741 553 772; x_wconf 88' lang='lat' dir='ltr'>verholen</span> <span class='ocrx_word' id='word_1_52' title='bbox 579 742 629 771; x_wconf 88' lang='lat' dir='ltr'>zin</span> <span class='ocrx_word' id='word_1_53' title='bbox 656 751 715 771; x_wconf 88' lang='lat' dir='ltr'>van</span> <span class='ocrx_word' id='word_1_54' title='bbox 742 741 817 771; x_wconf 87' lang='lat' dir='ltr'>deze</span> <span class='ocrx_word' id='word_1_55' title='bbox 842 740 1135 780; x_wconf 84' lang='lat' dir='ltr'>vriendschapsleer</span> <span class='ocrx_word' id='word_1_56' title='bbox 1162 759 1201 762; x_wconf 97' lang='lat'><strong>—</strong></span> <span class='ocrx_word' id='word_1_57' title='bbox 1228 741 1278 771; x_wconf 90' lang='lat' dir='ltr'>die</span> <span class='ocrx_word' id='word_1_58' title='bbox 1298 740 1336 771; x_wconf 90' lang='lat' dir='ltr'>de</span> <span class='ocrx_word' id='word_1_59' title='bbox 1357 740 1456 780; x_wconf 84' lang='lat' dir='ltr'>hooge</span> <span class='ocrx_word' id='word_1_60' title='bbox 1470 739 1555 770; x_wconf 88' lang='lat' dir='ltr'>Oud-</span> 
     </span>
     <span class='ocr_line' id='line_1_9' title="bbox 341 796 1556 838; baseline -0.001 -11"><span class='ocrx_word' id='word_1_61' title='bbox 341 797 411 828; x_wconf 85' lang='lat' dir='ltr'>heid</span> <span class='ocrx_word' id='word_1_62' title='bbox 437 807 500 838; x_wconf 81' lang='lat' dir='ltr'>nog</span> <span class='ocrx_word' id='word_1_63' title='bbox 525 798 590 827; x_wconf 89' lang='lat' dir='ltr'>niet</span> <span class='ocrx_word' id='word_1_64' title='bbox 616 797 718 828; x_wconf 86' lang='lat' dir='ltr'>kende</span> <span class='ocrx_word' id='word_1_65' title='bbox 743 815 782 819; x_wconf 77' lang='lat'>——</span> <span class='ocrx_word' id='word_1_66' title='bbox 811 796 890 836; x_wconf 80' lang='lat' dir='ltr'><strong>„„Ik</strong></span> <span class='ocrx_word' id='word_1_67' title='bbox 915 797 963 827; x_wconf 87' lang='lat' dir='ltr'>zal</span> <span class='ocrx_word' id='word_1_68' title='bbox 989 797 1105 836; x_wconf 87' lang='lat' dir='ltr'>mijnen</span> <span class='ocrx_word' id='word_1_69' title='bbox 1133 797 1235 837; x_wconf 85' lang='lat' dir='ltr'>vijand</span> <span class='ocrx_word' id='word_1_70' title='bbox 1260 797 1311 836; x_wconf 83' lang='lat' dir='ltr'>(hij</span> <span class='ocrx_word' id='word_1_71' title='bbox 1326 796 1408 827; x_wconf 81' lang='lat' dir='ltr'><strong>heeft</strong></span> <span class='ocrx_word' id='word_1_72' title='bbox 1421 796 1556 826; x_wconf 83' lang='lat' dir='ltr'>bovenal</span> 
     </span>
     <span class='ocr_line' id='line_1_10' title="bbox 340 851 1554 894; baseline -0.002 -10"><span class='ocrx_word' id='word_1_73' title='bbox 340 853 472 892; x_wconf 84' lang='lat' dir='ltr'>Ulysses</span> <span class='ocrx_word' id='word_1_74' title='bbox 508 864 547 894; x_wconf 90' lang='lat' dir='ltr'>op</span> <span class='ocrx_word' id='word_1_75' title='bbox 581 854 631 884; x_wconf 90' lang='lat' dir='ltr'>het</span> <span class='ocrx_word' id='word_1_76' title='bbox 664 855 733 893; x_wconf 86' lang='lat' dir='ltr'>oog)</span> <span class='ocrx_word' id='word_1_77' title='bbox 759 862 815 883; x_wconf 90' lang='lat' dir='ltr'>zoo</span> <span class='ocrx_word' id='word_1_78' title='bbox 841 853 943 891; x_wconf 81' lang='lat' dir='ltr'>haten,</span> <span class='ocrx_word' id='word_1_79' title='bbox 968 852 1013 883; x_wconf 85' lang='lat' dir='ltr'>als</span> <span class='ocrx_word' id='word_1_80' title='bbox 1038 852 1072 883; x_wconf 90' lang='lat' dir='ltr'>of</span> <span class='ocrx_word' id='word_1_81' title='bbox 1093 853 1131 892; x_wconf 85' lang='lat' dir='ltr'>hij</span> <span class='ocrx_word' id='word_1_82' title='bbox 1159 853 1207 892; x_wconf 89' lang='lat' dir='ltr'>mij</span> <span class='ocrx_word' id='word_1_83' title='bbox 1234 852 1390 883; x_wconf 86' lang='lat' dir='ltr'>wederom</span> <span class='ocrx_word' id='word_1_84' title='bbox 1416 851 1471 882; x_wconf 82' lang='lat' dir='ltr'>lief</span> <span class='ocrx_word' id='word_1_85' title='bbox 1492 851 1554 882; x_wconf 85' lang='lat' dir='ltr'>kan</span> 
     </span>
     <span class='ocr_line' id='line_1_11' title="bbox 340 907 1555 949; baseline -0.001 -10"><span class='ocrx_word' id='word_1_86' title='bbox 340 908 529 947; x_wconf 79' lang='lat' dir='ltr'>hebben&#39;&#39;’&#39;;</span> <span class='ocrx_word' id='word_1_87' title='bbox 556 910 594 949; x_wconf 81' lang='lat' dir='ltr'>hij</span> <span class='ocrx_word' id='word_1_88' title='bbox 617 909 776 949; x_wconf 84' lang='lat' dir='ltr'>verzwijgt</span> <span class='ocrx_word' id='word_1_89' title='bbox 797 909 848 939; x_wconf 81' lang='lat' dir='ltr'>het</span> <span class='ocrx_word' id='word_1_90' title='bbox 869 908 1002 939; x_wconf 85' lang='lat' dir='ltr'>besluit:</span> <span class='ocrx_word' id='word_1_91' title='bbox 1020 908 1108 947; x_wconf 88' lang='lat' dir='ltr'>„„dit</span> <span class='ocrx_word' id='word_1_92' title='bbox 1121 908 1168 939; x_wconf 86' lang='lat' dir='ltr'>zal</span> <span class='ocrx_word' id='word_1_93' title='bbox 1182 909 1233 939; x_wconf 90' lang='lat' dir='ltr'>het</span> <span class='ocrx_word' id='word_1_94' title='bbox 1247 907 1418 946; x_wconf 69' lang='grc' dir='ltr'><em>ἐπίτριπτον</em></span> <span class='ocrx_word' id='word_1_95' title='bbox 1440 907 1555 942; x_wconf 62' lang='grc' dir='ltr'>κίναιδος</span> 
     </span>
     <span class='ocr_line' id='line_1_12' title="bbox 341 963 1555 1006; baseline -0.001 -10"><span class='ocrx_word' id='word_1_96' title='bbox 341 966 428 996; x_wconf 86' lang='lat' dir='ltr'>nooit</span> <span class='ocrx_word' id='word_1_97' title='bbox 452 965 548 1003; x_wconf 76' lang='lat' dir='ltr'>doen3</span> <span class='ocrx_word' id='word_1_98' title='bbox 575 965 634 995; x_wconf 90' lang='lat' dir='ltr'>dus</span> <span class='ocrx_word' id='word_1_99' title='bbox 659 966 685 995; x_wconf 87' lang='lat' dir='ltr'>is</span> <span class='ocrx_word' id='word_1_100' title='bbox 711 974 789 995; x_wconf 87' lang='lat' dir='ltr'>onze</span> <span class='ocrx_word' id='word_1_101' title='bbox 814 966 1006 1005; x_wconf 85' lang='lat' dir='ltr'>verzoening</span> <span class='ocrx_word' id='word_1_102' title='bbox 1031 965 1241 1006; x_wconf 83' lang='lat' dir='ltr'>onmogelijk&#39;’</span> <span class='ocrx_word' id='word_1_103' title='bbox 1258 964 1275 977; x_wconf 91' lang='lat'>&#39;&#39;</span> <span class='ocrx_word' id='word_1_104' title='bbox 1294 963 1323 1003; x_wconf 82' lang='lat'>¹).</span> <span class='ocrx_word' id='word_1_105' title='bbox 1341 964 1456 1004; x_wconf 83' lang='lat' dir='ltr'>Verbo,</span> <span class='ocrx_word' id='word_1_106' title='bbox 1470 964 1555 1004; x_wconf 89' lang='lat' dir='ltr'>quod</span> 
     </span>
     <span class='ocr_line' id='line_1_13' title="bbox 339 1021 1554 1062; baseline 0 -11"><span class='ocrx_word' id='word_1_107' title='bbox 339 1024 386 1052; x_wconf 84' lang='lat' dir='ltr'>est</span> <span class='ocrx_word' id='word_1_108' title='bbox 410 1021 498 1059; x_wconf 65' lang='grc' dir='ltr'><em>φίλων</em></span> <span class='ocrx_word' id='word_1_109' title='bbox 523 1023 578 1059; x_wconf 82' lang='lat' dir='ltr'>(vs.</span> <span class='ocrx_word' id='word_1_110' title='bbox 604 1022 688 1061; x_wconf 78' lang='lat'><strong>680),</strong></span> <span class='ocrx_word' id='word_1_111' title='bbox 711 1021 868 1052; x_wconf 81' lang='lat' dir='ltr'>Teucrum</span> <span class='ocrx_word' id='word_1_112' title='bbox 895 1024 1070 1052; x_wconf 83' lang='lat' dir='ltr'>morantem</span> <span class='ocrx_word' id='word_1_113' title='bbox 1095 1021 1133 1052; x_wconf 87' lang='lat' dir='ltr'>ab</span> <span class='ocrx_word' id='word_1_114' title='bbox 1159 1022 1257 1052; x_wconf 85' lang='lat' dir='ltr'>Aiace</span> <span class='ocrx_word' id='word_1_115' title='bbox 1270 1021 1440 1062; x_wconf 84' lang='lat' dir='ltr'>significari</span> <span class='ocrx_word' id='word_1_116' title='bbox 1456 1024 1554 1061; x_wconf 86' lang='lat' dir='ltr'>putat.</span> 
     </span>
    </p>

    <p class='ocr_par' dir='ltr' id='par_1_5' title="bbox 341 1077 1556 1401">
     <span class='ocr_line' id='line_1_14' title="bbox 386 1077 1553 1118; baseline -0.001 -10"><span class='ocrx_word' id='word_1_117' title='bbox 386 1077 537 1108; x_wconf 88' lang='lat' dir='ltr'>Memoria</span> <span class='ocrx_word' id='word_1_118' title='bbox 566 1078 661 1118; x_wconf 85' lang='lat' dir='ltr'>digna</span> <span class='ocrx_word' id='word_1_119' title='bbox 687 1078 763 1108; x_wconf 87' lang='lat' dir='ltr'>mihi</span> <span class='ocrx_word' id='word_1_120' title='bbox 788 1077 945 1117; x_wconf 88' lang='lat' dir='ltr'>videntur,</span> <span class='ocrx_word' id='word_1_121' title='bbox 970 1087 1052 1118; x_wconf 87' lang='lat' dir='ltr'>quae</span> <span class='ocrx_word' id='word_1_122' title='bbox 1078 1078 1203 1118; x_wconf 84' lang='lat' dir='ltr'>scripsit</span> <span class='ocrx_word' id='word_1_123' title='bbox 1229 1078 1266 1108; x_wconf 89' lang='lat' dir='ltr'>de</span> <span class='ocrx_word' id='word_1_124' title='bbox 1292 1087 1336 1108; x_wconf 81' lang='lat' dir='ltr'>vs.</span> <span class='ocrx_word' id='word_1_125' title='bbox 1363 1077 1437 1117; x_wconf 80' lang='lat'><strong>692,</strong></span> <span class='ocrx_word' id='word_1_126' title='bbox 1461 1087 1553 1118; x_wconf 92' lang='lat' dir='ltr'>quem</span> 
     </span>
     <span class='ocr_line' id='line_1_15' title="bbox 342 1133 1556 1175; baseline 0 -11"><span class='ocrx_word' id='word_1_127' title='bbox 342 1135 400 1164; x_wconf 87' lang='lat' dir='ltr'>hoc</span> <span class='ocrx_word' id='word_1_128' title='bbox 435 1134 527 1165; x_wconf 90' lang='lat' dir='ltr'>modo</span> <span class='ocrx_word' id='word_1_129' title='bbox 563 1134 690 1175; x_wconf 84' lang='lat' dir='ltr'>Belgice</span> <span class='ocrx_word' id='word_1_130' title='bbox 722 1135 832 1165; x_wconf 89' lang='lat' dir='ltr'>vertit:</span> <span class='ocrx_word' id='word_1_131' title='bbox 868 1137 973 1173; x_wconf 85' lang='lat' dir='ltr'>„want</span> <span class='ocrx_word' id='word_1_132' title='bbox 1004 1134 1121 1165; x_wconf 87' lang='lat' dir='ltr'>weldra</span> <span class='ocrx_word' id='word_1_133' title='bbox 1144 1134 1211 1165; x_wconf 89' lang='lat' dir='ltr'>zult</span> <span class='ocrx_word' id='word_1_134' title='bbox 1234 1135 1274 1175; x_wconf 86' lang='lat' dir='ltr'>gij</span> <span class='ocrx_word' id='word_1_135' title='bbox 1299 1143 1470 1165; x_wconf 89' lang='lat' dir='ltr'>vernemen</span> <span class='ocrx_word' id='word_1_136' title='bbox 1495 1133 1556 1172; x_wconf 78' lang='lat' dir='ltr'>dat,</span> 
     </span>
     <span class='ocr_line' id='line_1_16' title="bbox 342 1189 1554 1231; baseline 0 -11"><span class='ocrx_word' id='word_1_137' title='bbox 342 1191 461 1221; x_wconf 87' lang='lat' dir='ltr'>hoewel</span> <span class='ocrx_word' id='word_1_138' title='bbox 487 1190 517 1221; x_wconf 87' lang='lat' dir='ltr'>ik</span> <span class='ocrx_word' id='word_1_139' title='bbox 543 1201 587 1221; x_wconf 89' lang='lat' dir='ltr'>nu</span> <span class='ocrx_word' id='word_1_140' title='bbox 613 1200 676 1231; x_wconf 89' lang='lat' dir='ltr'>nog</span> <span class='ocrx_word' id='word_1_141' title='bbox 700 1190 800 1221; x_wconf 84' lang='lat' dir='ltr'>krank</span> <span class='ocrx_word' id='word_1_142' title='bbox 826 1190 896 1230; x_wconf 87' lang='lat' dir='ltr'>ben,</span> <span class='ocrx_word' id='word_1_143' title='bbox 920 1191 1015 1231; x_wconf 85' lang='lat' dir='ltr'>mijne</span> <span class='ocrx_word' id='word_1_144' title='bbox 1034 1192 1191 1231; x_wconf 81' lang='lat' dir='ltr'>genezing</span> <span class='ocrx_word' id='word_1_145' title='bbox 1212 1190 1381 1221; x_wconf 85' lang='lat' dir='ltr'>volkomen</span> <span class='ocrx_word' id='word_1_146' title='bbox 1395 1190 1441 1220; x_wconf 85' lang='lat' dir='ltr'>zal</span> <span class='ocrx_word' id='word_1_147' title='bbox 1456 1189 1554 1230; x_wconf 76' lang='lat' dir='ltr'>zijn”3</span> 
     </span>
     <span class='ocr_line' id='line_1_17' title="bbox 342 1247 1556 1288; baseline 0 -11"><span class='ocrx_word' id='word_1_148' title='bbox 342 1248 471 1278; x_wconf 84' lang='lat' dir='ltr'>Aiacem</span> <span class='ocrx_word' id='word_1_149' title='bbox 496 1248 580 1278; x_wconf 86' lang='lat' dir='ltr'>enim</span> <span class='ocrx_word' id='word_1_150' title='bbox 606 1247 665 1278; x_wconf 89' lang='lat' dir='ltr'>sibi</span> <span class='ocrx_word' id='word_1_151' title='bbox 690 1248 853 1278; x_wconf 85' lang='lat' dir='ltr'>conscium</span> <span class='ocrx_word' id='word_1_152' title='bbox 877 1247 977 1278; x_wconf 85' lang='lat' dir='ltr'>fuisse</span> <span class='ocrx_word' id='word_1_153' title='bbox 1001 1257 1035 1278; x_wconf 85' lang='lat' dir='ltr'>se</span> <span class='ocrx_word' id='word_1_154' title='bbox 1056 1247 1197 1278; x_wconf 86' lang='lat' dir='ltr'>nondum</span> <span class='ocrx_word' id='word_1_155' title='bbox 1218 1256 1349 1288; x_wconf 88' lang='lat' dir='ltr'>prorsus</span> <span class='ocrx_word' id='word_1_156' title='bbox 1362 1256 1438 1277; x_wconf 81' lang='lat' dir='ltr'>sana</span> <span class='ocrx_word' id='word_1_157' title='bbox 1451 1249 1556 1277; x_wconf 90' lang='lat' dir='ltr'>mente</span> 
     </span>
     <span class='ocr_line' id='line_1_18' title="bbox 341 1303 1555 1344; baseline -0.002 -9"><span class='ocrx_word' id='word_1_158' title='bbox 341 1313 418 1335; x_wconf 88' lang='lat' dir='ltr'>esse.</span> <span class='ocrx_word' id='word_1_159' title='bbox 445 1303 514 1340; x_wconf 82' lang='lat' dir='ltr'>Quo</span> <span class='ocrx_word' id='word_1_160' title='bbox 538 1304 620 1334; x_wconf 84' lang='lat' dir='ltr'>facto</span> <span class='ocrx_word' id='word_1_161' title='bbox 645 1305 729 1334; x_wconf 79' lang='lat' dir='ltr'>Aiax</span> <span class='ocrx_word' id='word_1_162' title='bbox 754 1304 850 1334; x_wconf 88' lang='lat' dir='ltr'>simul</span> <span class='ocrx_word' id='word_1_163' title='bbox 874 1304 956 1334; x_wconf 86' lang='lat' dir='ltr'>tollit</span> <span class='ocrx_word' id='word_1_164' title='bbox 976 1303 1207 1335; x_wconf 85' lang='lat' dir='ltr'>dubitationem</span> <span class='ocrx_word' id='word_1_165' title='bbox 1221 1306 1317 1344; x_wconf 86' lang='lat' dir='ltr'>atque</span> <span class='ocrx_word' id='word_1_166' title='bbox 1331 1306 1459 1343; x_wconf 84' lang='lat' dir='ltr'>metum,</span> <span class='ocrx_word' id='word_1_167' title='bbox 1473 1312 1555 1343; x_wconf 87' lang='lat' dir='ltr'>quae</span> 
     </span>
     <span class='ocr_line' id='line_1_19' title="bbox 342 1359 1210 1401; baseline 0.001 -11"><span class='ocrx_word' id='word_1_168' title='bbox 342 1369 453 1391; x_wconf 87' lang='lat' dir='ltr'>versus</span> <span class='ocrx_word' id='word_1_169' title='bbox 478 1361 615 1401; x_wconf 84' lang='lat' dir='ltr'>proximi</span> <span class='ocrx_word' id='word_1_170' title='bbox 639 1360 823 1391; x_wconf 84' lang='lat' dir='ltr'>Tecmessae</span> <span class='ocrx_word' id='word_1_171' title='bbox 847 1363 878 1391; x_wconf 92' lang='lat' dir='ltr'>et</span> <span class='ocrx_word' id='word_1_172' title='bbox 902 1359 1004 1391; x_wconf 87' lang='lat' dir='ltr'>Choro</span> <span class='ocrx_word' id='word_1_173' title='bbox 1028 1361 1210 1391; x_wconf 87' lang='lat' dir='ltr'>iniecerant.</span> 
     </span>
    </p>

    <p class='ocr_par' dir='ltr' id='par_1_6' title="bbox 340 1416 1555 1514">
     <span class='ocr_line' id='line_1_20' title="bbox 384 1416 1555 1458; baseline -0.001 -10"><span class='ocrx_word' id='word_1_174' title='bbox 384 1416 518 1448; x_wconf 82' lang='lat' dir='ltr'>Duabus</span> <span class='ocrx_word' id='word_1_175' title='bbox 539 1417 807 1457; x_wconf 84' lang='lat' dir='ltr'>annotationibus,</span> <span class='ocrx_word' id='word_1_176' title='bbox 831 1418 863 1448; x_wconf 92' lang='lat' dir='ltr'>in</span> <span class='ocrx_word' id='word_1_177' title='bbox 887 1417 950 1448; x_wconf 91' lang='lat' dir='ltr'>fine</span> <span class='ocrx_word' id='word_1_178' title='bbox 975 1417 1210 1458; x_wconf 85' lang='lat' dir='ltr'>disputationis,</span> <span class='ocrx_word' id='word_1_179' title='bbox 1235 1417 1273 1448; x_wconf 87' lang='lat' dir='ltr'>de</span> <span class='ocrx_word' id='word_1_180' title='bbox 1297 1417 1366 1448; x_wconf 88' lang='lat' dir='ltr'>aliis</span> <span class='ocrx_word' id='word_1_181' title='bbox 1392 1417 1555 1448; x_wconf 91' lang='lat' dir='ltr'>nonnullis</span> 
     </span>
     <span class='ocr_line' id='line_1_21' title="bbox 340 1473 756 1514; baseline 0.002 -11"><span class='ocrx_word' id='word_1_182' title='bbox 340 1474 447 1504; x_wconf 87' lang='lat' dir='ltr'>Aiacis</span> <span class='ocrx_word' id='word_1_183' title='bbox 472 1473 619 1504; x_wconf 88' lang='lat' dir='ltr'>versibus</span> <span class='ocrx_word' id='word_1_184' title='bbox 643 1474 756 1514; x_wconf 86' lang='lat' dir='ltr'>agitur.</span> 
     </span>
    </p>
   </div>
   <div class='ocr_carea' id='block_1_3' title="bbox 339 1584 1556 1786">
    <p class='ocr_par' dir='ltr' id='par_1_7' title="bbox 339 1584 1556 1786">
     <span class='ocr_line' id='line_1_22' title="bbox 385 1584 1556 1626; baseline 0.001 -12"><span class='ocrx_word' id='word_1_185' title='bbox 385 1586 403 1625; x_wconf 65' lang='grc' dir='ltr'><strong>ξ</strong></span> <span class='ocrx_word' id='word_1_186' title='bbox 438 1585 476 1615; x_wconf 91' lang='grc'>10</span> <span class='ocrx_word' id='word_1_187' title='bbox 489 1595 517 1615; x_wconf 87' lang='lat' dir='ltr'>a.</span> <span class='ocrx_word' id='word_1_188' title='bbox 549 1584 639 1616; x_wconf 85' lang='lat' dir='ltr'>Duce</span> <span class='ocrx_word' id='word_1_189' title='bbox 670 1584 830 1626; x_wconf 86' lang='lat' dir='ltr'>Lennepio</span> <span class='ocrx_word' id='word_1_190' title='bbox 863 1585 937 1616; x_wconf 86' lang='lat' dir='ltr'>Geel</span> <span class='ocrx_word' id='word_1_191' title='bbox 962 1585 1158 1616; x_wconf 85' lang='lat' dir='ltr'>curriculum</span> <span class='ocrx_word' id='word_1_192' title='bbox 1183 1585 1408 1625; x_wconf 84' lang='lat' dir='ltr'>philologicum</span> <span class='ocrx_word' id='word_1_193' title='bbox 1433 1584 1556 1624; x_wconf 85' lang='lat' dir='ltr'>inierat,</span> 
     </span>
     <span class='ocr_line' id='line_1_23' title="bbox 341 1640 1555 1682; baseline 0 -11"><span class='ocrx_word' id='word_1_194' title='bbox 341 1641 422 1672; x_wconf 86' lang='lat' dir='ltr'>duce</span> <span class='ocrx_word' id='word_1_195' title='bbox 454 1641 561 1672; x_wconf 88' lang='lat' dir='ltr'>Geelio</span> <span class='ocrx_word' id='word_1_196' title='bbox 586 1641 739 1682; x_wconf 87' lang='lat' dir='ltr'>Lennepii</span> <span class='ocrx_word' id='word_1_197' title='bbox 764 1651 844 1682; x_wconf 90' lang='lat' dir='ltr'>opus</span> <span class='ocrx_word' id='word_1_198' title='bbox 868 1645 1052 1682; x_wconf 90' lang='lat' dir='ltr'>postumum</span> <span class='ocrx_word' id='word_1_199' title='bbox 1077 1640 1187 1675; x_wconf 73' lang='grc' dir='ltr'>Ἀσπὶς</span> <span class='ocrx_word' id='word_1_200' title='bbox 1213 1640 1394 1679; x_wconf 67' lang='grc' dir='ltr'><em>Ἡρακλέους</em></span> <span class='ocrx_word' id='word_1_201' title='bbox 1418 1651 1444 1672; x_wconf 88' lang='lat' dir='ltr'>a.</span> <span class='ocrx_word' id='word_1_202' title='bbox 1471 1641 1555 1671; x_wconf 82' lang='lat'>1854</span> 
     </span>
     <span class='ocr_line' id='line_1_24' title="bbox 339 1696 1555 1739; baseline -0.001 -10"><span class='ocrx_word' id='word_1_203' title='bbox 339 1698 458 1729; x_wconf 85' lang='lat' dir='ltr'>editum</span> <span class='ocrx_word' id='word_1_204' title='bbox 484 1702 532 1729; x_wconf 90' lang='lat' dir='ltr'>est</span> <span class='ocrx_word' id='word_1_205' title='bbox 547 1696 577 1737; x_wconf 83' lang='lat'>²).</span> <span class='ocrx_word' id='word_1_206' title='bbox 602 1698 720 1729; x_wconf 87' lang='lat' dir='ltr'>Eadem</span> <span class='ocrx_word' id='word_1_207' title='bbox 745 1698 806 1729; x_wconf 87' lang='lat' dir='ltr'>fuit</span> <span class='ocrx_word' id='word_1_208' title='bbox 831 1708 907 1729; x_wconf 90' lang='lat' dir='ltr'>cura</span> <span class='ocrx_word' id='word_1_209' title='bbox 929 1702 1095 1739; x_wconf 86' lang='lat' dir='ltr'>postrema,</span> <span class='ocrx_word' id='word_1_210' title='bbox 1116 1708 1211 1738; x_wconf 84' lang='lat' dir='ltr'>quam</span> <span class='ocrx_word' id='word_1_211' title='bbox 1232 1698 1332 1729; x_wconf 86' lang='lat' dir='ltr'>literis</span> <span class='ocrx_word' id='word_1_212' title='bbox 1353 1698 1465 1729; x_wconf 86' lang='lat' dir='ltr'>amatis</span> <span class='ocrx_word' id='word_1_213' title='bbox 1479 1697 1555 1729; x_wconf 87' lang='lat' dir='ltr'>Geel</span> 
     </span>
     <span class='ocr_line' id='line_1_25' title="bbox 339 1755 491 1786; baseline 0 -1"><span class='ocrx_word' id='word_1_214' title='bbox 339 1755 491 1786; x_wconf 84' lang='lat' dir='ltr'>adhibuit.</span> 
     </span>
    </p>
   </div>
   <div class='ocr_carea' id='block_1_4' title="bbox 340 1902 1555 2371">
    <p class='ocr_par' dir='ltr' id='par_1_8' title="bbox 374 1902 571 1934">
     <span class='ocr_line' id='line_1_26' title="bbox 374 1902 571 1934; baseline 0.01 -8"><span class='ocrx_word' id='word_1_215' title='bbox 374 1903 401 1933; x_wconf 79' lang='lat'>1)</span> <span class='ocrx_word' id='word_1_216' title='bbox 419 1903 454 1928; x_wconf 86' lang='lat' dir='ltr'>l.l.</span> <span class='ocrx_word' id='word_1_217' title='bbox 473 1911 497 1934; x_wconf 88' lang='lat' dir='ltr'>p.</span> <span class='ocrx_word' id='word_1_218' title='bbox 515 1902 571 1928; x_wconf 78' lang='lat'><strong>204.</strong></span> 
     </span>
    </p>

    <p class='ocr_par' dir='ltr' id='par_1_9' title="bbox 341 1942 1555 2170">
     <span class='ocr_line' id='line_1_27' title="bbox 374 1942 1554 1973; baseline -0.001 -7"><span class='ocrx_word' id='word_1_219' title='bbox 374 1943 454 1967; x_wconf 79' lang='lat' dir='ltr'>Valde</span> <span class='ocrx_word' id='word_1_220' title='bbox 481 1943 617 1972; x_wconf 75' lang='lat' dir='ltr'>differunt,</span> <span class='ocrx_word' id='word_1_221' title='bbox 641 1950 708 1973; x_wconf 83' lang='lat' dir='ltr'>quae</span> <span class='ocrx_word' id='word_1_222' title='bbox 727 1943 791 1967; x_wconf 85' lang='lat' dir='ltr'>Jebh</span> <span class='ocrx_word' id='word_1_223' title='bbox 809 1942 849 1966; x_wconf 84' lang='lat' dir='ltr'>his</span> <span class='ocrx_word' id='word_1_224' title='bbox 868 1942 988 1966; x_wconf 85' lang='lat' dir='ltr'>versibus</span> <span class='ocrx_word' id='word_1_225' title='bbox 1007 1945 1033 1966; x_wconf 85' lang='lat' dir='ltr'>et</span> <span class='ocrx_word' id='word_1_226' title='bbox 1053 1942 1092 1972; x_wconf 75' lang='lat' dir='ltr'>iis,</span> <span class='ocrx_word' id='word_1_227' title='bbox 1111 1942 1156 1973; x_wconf 80' lang='lat' dir='ltr'>qui</span> <span class='ocrx_word' id='word_1_228' title='bbox 1174 1943 1346 1971; x_wconf 72' lang='lat' dir='ltr'>antecedunt,</span> <span class='ocrx_word' id='word_1_229' title='bbox 1365 1942 1451 1966; x_wconf 86' lang='lat' dir='ltr'>inesse</span> <span class='ocrx_word' id='word_1_230' title='bbox 1472 1945 1554 1972; x_wconf 77' lang='lat' dir='ltr'>putat.</span> 
     </span>
     <span class='ocr_line' id='line_1_28' title="bbox 343 1981 1555 2014; baseline -0.001 -8"><span class='ocrx_word' id='word_1_231' title='bbox 343 1983 387 2007; x_wconf 82' lang='lat' dir='ltr'>L,l.</span> <span class='ocrx_word' id='word_1_232' title='bbox 406 1991 428 2013; x_wconf 83' lang='lat' dir='ltr'>p.</span> <span class='ocrx_word' id='word_1_233' title='bbox 449 1983 561 2007; x_wconf 75' lang='lat' dir='ltr'>XXXVl.</span> <span class='ocrx_word' id='word_1_234' title='bbox 580 1983 720 2013; x_wconf 76' lang='lat' dir='ltr'>leguntur:</span> <span class='ocrx_word' id='word_1_235' title='bbox 740 1982 809 2014; x_wconf 82' lang='lat' dir='ltr'>„The</span> <span class='ocrx_word' id='word_1_236' title='bbox 827 1989 903 2006; x_wconf 81' lang='lat' dir='ltr'>sense</span> <span class='ocrx_word' id='word_1_237' title='bbox 923 1982 949 2006; x_wconf 91' lang='lat' dir='ltr'>in</span> <span class='ocrx_word' id='word_1_238' title='bbox 970 1982 1056 2005; x_wconf 81' lang='lat' dir='ltr'>which</span> <span class='ocrx_word' id='word_1_239' title='bbox 1077 1982 1109 2005; x_wconf 89' lang='lat' dir='ltr'>he</span> <span class='ocrx_word' id='word_1_240' title='bbox 1137 1982 1260 2013; x_wconf 73' lang='lat' dir='ltr'>yields</span> <span class='ocrx_word' id='word_1_241' title='bbox 1287 1984 1312 2005; x_wconf 88' lang='lat' dir='ltr'>to</span> <span class='ocrx_word' id='word_1_242' title='bbox 1333 1982 1376 2005; x_wconf 82' lang='lat' dir='ltr'>the</span> <span class='ocrx_word' id='word_1_243' title='bbox 1396 1981 1458 2012; x_wconf 76' lang='lat' dir='ltr'>gods</span> <span class='ocrx_word' id='word_1_244' title='bbox 1477 1982 1498 2005; x_wconf 92' lang='lat' dir='ltr'>is</span> <span class='ocrx_word' id='word_1_245' title='bbox 1510 1984 1555 2005; x_wconf 80' lang='lat' dir='ltr'>not</span> 
     </span>
     <span class='ocr_line' id='line_1_29' title="bbox 343 2020 1555 2053; baseline -0.001 -8"><span class='ocrx_word' id='word_1_246' title='bbox 343 2023 439 2053; x_wconf 75' lang='lat' dir='ltr'>merely</span> <span class='ocrx_word' id='word_1_247' title='bbox 459 2023 514 2045; x_wconf 83' lang='lat' dir='ltr'>that</span> <span class='ocrx_word' id='word_1_248' title='bbox 536 2023 568 2046; x_wconf 88' lang='lat' dir='ltr'>he</span> <span class='ocrx_word' id='word_1_249' title='bbox 589 2022 663 2046; x_wconf 73' lang='lat' dir='ltr'>takes</span> <span class='ocrx_word' id='word_1_250' title='bbox 682 2030 696 2045; x_wconf 80' lang='lat' dir='ltr'>a</span> <span class='ocrx_word' id='word_1_251' title='bbox 715 2025 772 2052; x_wconf 81' lang='lat' dir='ltr'>step</span> <span class='ocrx_word' id='word_1_252' title='bbox 793 2024 817 2045; x_wconf 83' lang='lat' dir='ltr'>to</span> <span class='ocrx_word' id='word_1_253' title='bbox 838 2021 923 2045; x_wconf 82' lang='lat' dir='ltr'>which</span> <span class='ocrx_word' id='word_1_254' title='bbox 943 2022 1004 2052; x_wconf 77' lang='lat' dir='ltr'>they</span> <span class='ocrx_word' id='word_1_255' title='bbox 1025 2022 1090 2045; x_wconf 79' lang='lat' dir='ltr'>have</span> <span class='ocrx_word' id='word_1_256' title='bbox 1108 2021 1201 2044; x_wconf 83' lang='lat' dir='ltr'>driven</span> <span class='ocrx_word' id='word_1_257' title='bbox 1221 2021 1285 2050; x_wconf 78' lang='lat' dir='ltr'>him,</span> <span class='ocrx_word' id='word_1_258' title='bbox 1303 2021 1353 2044; x_wconf 81' lang='lat' dir='ltr'>and</span> <span class='ocrx_word' id='word_1_259' title='bbox 1374 2020 1469 2044; x_wconf 76' lang='lat' dir='ltr'>retires</span> <span class='ocrx_word' id='word_1_260' title='bbox 1487 2021 1555 2044; x_wconf 76' lang='lat' dir='ltr'>froin</span> 
     </span>
     <span class='ocr_line' id='line_1_30' title="bbox 341 2059 1554 2092; baseline 0 -8"><span class='ocrx_word' id='word_1_261' title='bbox 341 2062 398 2085; x_wconf 85' lang='lat' dir='ltr'>lise:</span> <span class='ocrx_word' id='word_1_262' title='bbox 427 2064 451 2084; x_wconf 83' lang='lat' dir='ltr'>to</span> <span class='ocrx_word' id='word_1_263' title='bbox 480 2061 578 2092; x_wconf 81' lang='lat' dir='ltr'>yield</span> <span class='ocrx_word' id='word_1_264' title='bbox 608 2062 634 2085; x_wconf 85' lang='lat' dir='ltr'>in</span> <span class='ocrx_word' id='word_1_265' title='bbox 664 2062 719 2085; x_wconf 80' lang='lat' dir='ltr'>that</span> <span class='ocrx_word' id='word_1_266' title='bbox 746 2069 832 2090; x_wconf 73' lang='lat' dir='ltr'>sense,</span> <span class='ocrx_word' id='word_1_267' title='bbox 852 2061 937 2084; x_wconf 89' lang='lat' dir='ltr'>would</span> <span class='ocrx_word' id='word_1_268' title='bbox 957 2061 987 2084; x_wconf 86' lang='lat' dir='ltr'>be</span> <span class='ocrx_word' id='word_1_269' title='bbox 1007 2061 1105 2092; x_wconf 71' lang='lat' dir='ltr'>merely</span> <span class='ocrx_word' id='word_1_270' title='bbox 1125 2063 1151 2084; x_wconf 84' lang='lat' dir='ltr'>to</span> <span class='ocrx_word' id='word_1_271' title='bbox 1170 2063 1260 2090; x_wconf 78' lang='lat' dir='ltr'>accept</span> <span class='ocrx_word' id='word_1_272' title='bbox 1281 2060 1324 2084; x_wconf 86' lang='lat' dir='ltr'>the</span> <span class='ocrx_word' id='word_1_273' title='bbox 1346 2059 1496 2084; x_wconf 79' lang='lat' dir='ltr'>inevitnble.</span> <span class='ocrx_word' id='word_1_274' title='bbox 1517 2060 1554 2084; x_wconf 86' lang='lat' dir='ltr'>He</span> 
     </span>
     <span class='ocr_line' id='line_1_31' title="bbox 341 2100 1554 2132; baseline -0.001 -8"><span class='ocrx_word' id='word_1_275' title='bbox 341 2101 464 2131; x_wconf 64' lang='lat' dir='ltr'>yields</span> <span class='ocrx_word' id='word_1_276' title='bbox 494 2104 518 2124; x_wconf 86' lang='lat' dir='ltr'>to</span> <span class='ocrx_word' id='word_1_277' title='bbox 545 2101 590 2124; x_wconf 89' lang='lat' dir='ltr'>the</span> <span class='ocrx_word' id='word_1_278' title='bbox 617 2101 679 2132; x_wconf 69' lang='lat' dir='ltr'>gods</span> <span class='ocrx_word' id='word_1_279' title='bbox 707 2101 734 2124; x_wconf 90' lang='lat' dir='ltr'>in</span> <span class='ocrx_word' id='word_1_280' title='bbox 753 2101 798 2124; x_wconf 86' lang='lat' dir='ltr'>the</span> <span class='ocrx_word' id='word_1_281' title='bbox 818 2101 922 2124; x_wconf 76' lang='lat' dir='ltr'>further</span> <span class='ocrx_word' id='word_1_282' title='bbox 941 2107 1017 2124; x_wconf 82' lang='lat' dir='ltr'>sense</span> <span class='ocrx_word' id='word_1_283' title='bbox 1036 2100 1093 2123; x_wconf 79' lang='lat' dir='ltr'>that</span> <span class='ocrx_word' id='word_1_284' title='bbox 1112 2100 1144 2123; x_wconf 90' lang='lat' dir='ltr'>he</span> <span class='ocrx_word' id='word_1_285' title='bbox 1165 2100 1211 2123; x_wconf 81' lang='lat' dir='ltr'>has</span> <span class='ocrx_word' id='word_1_286' title='bbox 1230 2107 1303 2123; x_wconf 71' lang='lat' dir='ltr'>corne</span> <span class='ocrx_word' id='word_1_287' title='bbox 1324 2102 1347 2123; x_wconf 89' lang='lat' dir='ltr'>to</span> <span class='ocrx_word' id='word_1_288' title='bbox 1366 2107 1409 2123; x_wconf 87' lang='lat' dir='ltr'>see</span> <span class='ocrx_word' id='word_1_289' title='bbox 1430 2100 1473 2123; x_wconf 86' lang='lat' dir='ltr'>the</span> <span class='ocrx_word' id='word_1_290' title='bbox 1494 2100 1554 2131; x_wconf 77' lang='lat' dir='ltr'>solly</span> 
     </span>
     <span class='ocr_line' id='line_1_32' title="bbox 341 2138 1203 2170; baseline -0.001 -7"><span class='ocrx_word' id='word_1_291' title='bbox 341 2141 367 2163; x_wconf 87' lang='lat' dir='ltr'>ol&#39;</span> <span class='ocrx_word' id='word_1_292' title='bbox 383 2140 427 2163; x_wconf 80' lang='lat' dir='ltr'>the</span> <span class='ocrx_word' id='word_1_293' title='bbox 447 2140 520 2170; x_wconf 78' lang='lat' dir='ltr'>pride</span> <span class='ocrx_word' id='word_1_294' title='bbox 541 2141 567 2164; x_wconf 91' lang='lat' dir='ltr'>in</span> <span class='ocrx_word' id='word_1_295' title='bbox 588 2141 674 2164; x_wconf 85' lang='lat' dir='ltr'>which</span> <span class='ocrx_word' id='word_1_296' title='bbox 695 2140 727 2163; x_wconf 86' lang='lat' dir='ltr'>he</span> <span class='ocrx_word' id='word_1_297' title='bbox 748 2139 871 2170; x_wconf 73' lang='lat' dir='ltr'>formerly</span> <span class='ocrx_word' id='word_1_298' title='bbox 890 2139 1010 2170; x_wconf 81' lang='lat' dir='ltr'>despised</span> <span class='ocrx_word' id='word_1_299' title='bbox 1031 2139 1100 2162; x_wconf 84' lang='lat' dir='ltr'>their</span> <span class='ocrx_word' id='word_1_300' title='bbox 1118 2138 1203 2169; x_wconf 39' lang='lat' dir='ltr'>help&amp;</span> 
     </span>
    </p>

    <p class='ocr_par' dir='ltr' id='par_1_10' title="bbox 340 2177 1555 2328">
     <span class='ocr_line' id='line_1_33' title="bbox 376 2177 1555 2211; baseline -0.002 -8"><span class='ocrx_word' id='word_1_301' title='bbox 376 2180 449 2203; x_wconf 68' lang='lat' dir='ltr'>Facio</span> <span class='ocrx_word' id='word_1_302' title='bbox 478 2179 564 2210; x_wconf 82' lang='lat' dir='ltr'>potius</span> <span class='ocrx_word' id='word_1_303' title='bbox 583 2187 643 2203; x_wconf 80' lang='lat' dir='ltr'>cuin</span> <span class='ocrx_word' id='word_1_304' title='bbox 662 2179 760 2210; x_wconf 86' lang='lat' dir='ltr'>Geelio,</span> <span class='ocrx_word' id='word_1_305' title='bbox 777 2179 823 2211; x_wconf 89' lang='lat' dir='ltr'>qui</span> <span class='ocrx_word' id='word_1_306' title='bbox 844 2179 921 2202; x_wconf 80' lang='lat' dir='ltr'>verbo</span> <span class='ocrx_word' id='word_1_307' title='bbox 941 2180 1017 2207; x_wconf 55' lang='grc' dir='ltr'><em>σέβειν</em></span> <span class='ocrx_word' id='word_1_308' title='bbox 1036 2181 1085 2208; x_wconf 73' lang='lat' dir='ltr'>(vs.</span> <span class='ocrx_word' id='word_1_309' title='bbox 1104 2177 1163 2207; x_wconf 74' lang='lat'>667)</span> <span class='ocrx_word' id='word_1_310' title='bbox 1184 2178 1266 2208; x_wconf 71' lang='lat' dir='ltr'>posito</span> <span class='ocrx_word' id='word_1_311' title='bbox 1285 2178 1355 2201; x_wconf 83' lang='lat' dir='ltr'>inter</span> <span class='ocrx_word' id='word_1_312' title='bbox 1373 2180 1414 2201; x_wconf 87' lang='lat' dir='ltr'>ter</span> <span class='ocrx_word' id='word_1_313' title='bbox 1430 2177 1555 2208; x_wconf 81' lang='lat' dir='ltr'>repetitas</span> 
     </span>
     <span class='ocr_line' id='line_1_34' title="bbox 342 2217 1554 2250; baseline -0.002 -8"><span class='ocrx_word' id='word_1_314' title='bbox 342 2219 438 2242; x_wconf 75' lang='lat' dir='ltr'>forinas</span> <span class='ocrx_word' id='word_1_315' title='bbox 465 2219 546 2250; x_wconf 80' lang='lat' dir='ltr'>verbi,</span> <span class='ocrx_word' id='word_1_316' title='bbox 574 2219 642 2249; x_wconf 84' lang='lat' dir='ltr'>qnod</span> <span class='ocrx_word' id='word_1_317' title='bbox 671 2221 710 2242; x_wconf 85' lang='lat' dir='ltr'>est</span> <span class='ocrx_word' id='word_1_318' title='bbox 738 2218 813 2247; x_wconf 70' lang='grc' dir='ltr'>είκειν,</span> <span class='ocrx_word' id='word_1_319' title='bbox 841 2225 898 2241; x_wconf 79' lang='lat' dir='ltr'>eam</span> <span class='ocrx_word' id='word_1_320' title='bbox 926 2218 978 2241; x_wconf 80' lang='lat' dir='ltr'>vim</span> <span class='ocrx_word' id='word_1_321' title='bbox 1006 2217 1136 2247; x_wconf 81' lang='lat' dir='ltr'>attribuit,</span> <span class='ocrx_word' id='word_1_322' title='bbox 1163 2225 1213 2247; x_wconf 73' lang='lat' dir='ltr'>qna</span> <span class='ocrx_word' id='word_1_323' title='bbox 1233 2217 1377 2247; x_wconf 71' lang='lat' dir='ltr'>significat:</span> <span class='ocrx_word' id='word_1_324' title='bbox 1397 2224 1477 2248; x_wconf 73' lang='lat' dir='ltr'>„eene</span> <span class='ocrx_word' id='word_1_325' title='bbox 1497 2224 1554 2241; x_wconf 77' lang='lat' dir='ltr'>ver-</span> 
     </span>
     <span class='ocr_line' id='line_1_35' title="bbox 340 2255 1554 2289; baseline -0.002 -7"><span class='ocrx_word' id='word_1_326' title='bbox 340 2259 430 2289; x_wconf 76' lang='lat' dir='ltr'>eering</span> <span class='ocrx_word' id='word_1_327' title='bbox 459 2266 507 2282; x_wconf 77' lang='lat' dir='ltr'>van</span> <span class='ocrx_word' id='word_1_328' title='bbox 535 2259 594 2282; x_wconf 83' lang='lat' dir='ltr'>hein</span> <span class='ocrx_word' id='word_1_329' title='bbox 624 2266 685 2281; x_wconf 88' lang='lat' dir='ltr'>voor</span> <span class='ocrx_word' id='word_1_330' title='bbox 713 2258 781 2281; x_wconf 80' lang='lat' dir='ltr'>wien</span> <span class='ocrx_word' id='word_1_331' title='bbox 809 2265 869 2281; x_wconf 72' lang='lat' dir='ltr'>nien</span> <span class='ocrx_word' id='word_1_332' title='bbox 897 2258 937 2281; x_wconf 88' lang='lat' dir='ltr'>uit</span> <span class='ocrx_word' id='word_1_333' title='bbox 964 2258 1014 2281; x_wconf 85' lang='lat' dir='ltr'>den</span> <span class='ocrx_word' id='word_1_334' title='bbox 1043 2264 1098 2288; x_wconf 78' lang='lat' dir='ltr'>weg</span> <span class='ocrx_word' id='word_1_335' title='bbox 1127 2256 1202 2288; x_wconf 81' lang='lat' dir='ltr'>gaat“</span> <span class='ocrx_word' id='word_1_336' title='bbox 1221 2257 1267 2286; x_wconf 87' lang='lat' dir='ltr'>(l.l.</span> <span class='ocrx_word' id='word_1_337' title='bbox 1286 2264 1309 2287; x_wconf 86' lang='lat' dir='ltr'>p.</span> <span class='ocrx_word' id='word_1_338' title='bbox 1328 2255 1397 2283; x_wconf 68' lang='lat'>⁶204).</span> <span class='ocrx_word' id='word_1_339' title='bbox 1417 2257 1554 2280; x_wconf 77' lang='lat' dir='ltr'>Praeterea</span> 
     </span>
     <span class='ocr_line' id='line_1_36' title="bbox 342 2295 1555 2328; baseline -0.002 -7"><span class='ocrx_word' id='word_1_340' title='bbox 342 2297 414 2328; x_wconf 79' lang='lat' dir='ltr'>Aiax,</span> <span class='ocrx_word' id='word_1_341' title='bbox 432 2297 538 2327; x_wconf 81' lang='lat' dir='ltr'>qualem</span> <span class='ocrx_word' id='word_1_342' title='bbox 557 2297 619 2321; x_wconf 83' lang='lat' dir='ltr'>Geel</span> <span class='ocrx_word' id='word_1_343' title='bbox 638 2298 686 2321; x_wconf 76' lang='lat' dir='ltr'>sibi</span> <span class='ocrx_word' id='word_1_344' title='bbox 708 2297 791 2325; x_wconf 84' lang='lat' dir='ltr'>finxit,</span> <span class='ocrx_word' id='word_1_345' title='bbox 811 2297 893 2328; x_wconf 80' lang='lat' dir='ltr'>inagis</span> <span class='ocrx_word' id='word_1_346' title='bbox 911 2297 1034 2327; x_wconf 77' lang='lat' dir='ltr'>congruit</span> <span class='ocrx_word' id='word_1_347' title='bbox 1053 2304 1113 2320; x_wconf 82' lang='lat' dir='ltr'>cuin</span> <span class='ocrx_word' id='word_1_348' title='bbox 1133 2296 1210 2319; x_wconf 82' lang='lat' dir='ltr'>Aiace</span> <span class='ocrx_word' id='word_1_349' title='bbox 1231 2295 1368 2319; x_wconf 80' lang='lat' dir='ltr'>Homerico</span> <span class='ocrx_word' id='word_1_350' title='bbox 1387 2295 1447 2326; x_wconf 84' lang='grc' dir='ltr'>(Οά.</span> <span class='ocrx_word' id='word_1_351' title='bbox 1465 2295 1555 2326; x_wconf 74' lang='lat' dir='ltr'>1.X1.).</span> 
     </span>
    </p>

    <p class='ocr_par' dir='ltr' id='par_1_11' title="bbox 374 2335 1554 2371">
     <span class='ocr_line' id='line_1_37' title="bbox 374 2335 1554 2371; baseline -0.001 -11"><span class='ocrx_word' id='word_1_352' title='bbox 374 2336 401 2367; x_wconf 69' lang='lat'>2)</span> <span class='ocrx_word' id='word_1_353' title='bbox 421 2337 560 2362; x_wconf 84' lang='lat' dir='ltr'>Woltersia</span> <span class='ocrx_word' id='word_1_354' title='bbox 589 2337 636 2371; x_wconf 76' lang='grc'>(1.1.</span> <span class='ocrx_word' id='word_1_355' title='bbox 665 2345 688 2367; x_wconf 80' lang='lat' dir='ltr'>p.</span> <span class='ocrx_word' id='word_1_356' title='bbox 715 2336 776 2367; x_wconf 82' lang='lat'>504)</span> <span class='ocrx_word' id='word_1_357' title='bbox 802 2336 938 2361; x_wconf 80' lang='lat' dir='ltr'>confusius</span> <span class='ocrx_word' id='word_1_358' title='bbox 964 2337 1012 2360; x_wconf 81' lang='lat' dir='ltr'>hac</span> <span class='ocrx_word' id='word_1_359' title='bbox 1039 2336 1070 2360; x_wconf 87' lang='lat' dir='ltr'>de</span> <span class='ocrx_word' id='word_1_360' title='bbox 1090 2335 1205 2360; x_wconf 86' lang='lat' dir='ltr'>editione</span> <span class='ocrx_word' id='word_1_361' title='bbox 1224 2335 1291 2367; x_wconf 75' lang='lat' dir='ltr'>egit3</span> <span class='ocrx_word' id='word_1_362' title='bbox 1309 2335 1414 2366; x_wconf 83' lang='lat' dir='ltr'>scripsit</span> <span class='ocrx_word' id='word_1_363' title='bbox 1433 2335 1504 2359; x_wconf 88' lang='lat' dir='ltr'>enim</span> <span class='ocrx_word' id='word_1_364' title='bbox 1523 2335 1554 2358; x_wconf 91' lang='lat' dir='ltr'>de</span> 
     </span>
    </p>
   </div>
  </div>
 </body>
</html>
