1673 2768
941 348 981 375 84

353 441 573 471 traiiciendum
599 441 648 480 sit,
673 440 787 470 stultos
812 449 880 470 esse
906 440 959 479 qui
981 449 1095 479 aquam
1118 440 1349 481 ingrediantur,
1364 451 1462 482 quum
1477 442 1569 472 siccis

353 498 474 538 possint
497 497 632 538 pedibus
657 497 887 533 transmittere3
914 495 969 526 ubi
994 505 1068 526 vero
1094 505 1152 526 nec
1178 497 1293 528 vadum
1318 499 1370 537 sit,
1396 507 1453 528 nee
1478 507 1567 538 pons,

353 563 411 584 nec
443 554 588 584 materies
622 563 638 584 e
670 563 732 593 qua
756 553 801 592 fit,
827 561 884 583 neo
909 555 1031 582 constet
1057 552 1141 583 unde
1165 554 1328 593 navigium
1355 557 1488 594 petatur,
1512 563 1566 584 na—

352 610 484 641 tandum
521 619 590 641 esse
626 611 673 649 iis,
710 610 763 650 qui
801 609 978 639 didicerint.
1004 608 1106 639 Ceteri
1131 609 1164 639 in
1189 610 1256 650 ripa
1281 613 1336 641 aut
1361 613 1487 651 pontem
1513 620 1566 640 ex-

353 670 503 707 spectent,
549 669 604 697 aut
647 666 666 696 d
681 676 699 696 u
715 676 744 696 m
780 666 799 696 d
814 675 829 696 e
843 665 876 695 fl
892 675 910 695 u
925 668 967 695 at
1002 675 1019 695 a
1033 675 1062 695 m
1078 675 1097 695 n
1111 666 1121 695 i
1135 675 1166 705 s,
1202 667 1270 697 sine
1305 676 1411 697 morae
1446 667 1568 706 solatio,

352 724 413 753 nisi
439 724 465 754 si
490 733 583 764 quem
608 723 752 763 imperite
776 721 902 752 brachia
927 724 1106 752 moventem
1132 722 1293 763 submergi
1318 723 1429 763 procul
1454 726 1568 754 aterra

352 780 490 819 videant,
515 779 661 820 beatique
686 779 904 809 incolumitate
928 788 987 808 sua
1011 778 1232 809 traiiciendum
1255 789 1319 809 non
1340 788 1409 810 esse
1422 779 1569 819 clament,

352 846 387 867 ac
411 837 538 867 domum
565 846 598 867 se
623 834 805 876 recipiant'‘.
830 834 930 865 Paulo
955 837 1026 875 post
1051 835 1109 865 hoc
1134 835 1251 875 profert
1274 835 1447 866 iudicium:
1473 835 1566 876 „Sep—

352 896 413 924 tem
450 893 587 932 illorum,
622 902 702 933 quos
734 892 811 930 dixi,
843 891 989 922 codicum
1015 901 1073 932 ope
1097 891 1231 923 Dionem
1259 892 1305 923 sic
1329 892 1379 923 edi
1403 902 1506 933 posse,
1531 895 1566 923 ut

352 950 459 980 minus
484 959 578 990 quam
605 953 696 979 antea
720 949 852 979 lectores
878 947 1045 978 offendat'’.

395 1006 435 1037 Et
457 1006 584 1047 quidem
611 1007 785 1036 orationem
810 1004 884 1035 XII.
913 1008 995 1043 „tam
1020 1014 1125 1035 rerum
1150 1006 1305 1045 gravitate
1330 1015 1424 1045 quam
1450 1008 1564 1036 ornatu

351 1063 520 1094 verborum
554 1066 583 1093 et
607 1062 844 1103 compositionis
868 1061 1001 1092 artifieio
1026 1061 1260 1102 praestantem'‘
1278 1060 1301 1102 1)
1325 1061 1418 1092 edere
1442 1062 1565 1102 potissi-

351 1130 438 1150 mum
475 1120 623 1159 decrevit,
661 1122 716 1157 „ut
750 1121 907 1149 constaret
943 1118 1126 1158 aliquando,
1163 1121 1318 1158 quantum
1355 1118 1427 1149 illae
1459 1119 1566 1159 copiae

351 1176 480 1207 afferant
514 1176 687 1207 adiumenti
712 1175 750 1206 ad
775 1175 986 1206 revocandum
1013 1176 1144 1205 nitorem
1172 1176 1343 1215 scriptoris,
1368 1175 1423 1215 qui
1448 1175 1564 1215 squali-

352 1233 491 1263 dissimis
516 1233 670 1273 exemplis
691 1231 936 1263 cireumfertur‘'
954 1230 990 1273 ¹).

393 1289 556 1319 Summam
593 1289 719 1319 laudem
757 1288 941 1318 Bakhuizen
958 1285 983 1328 2)
1018 1290 1048 1318 et
1080 1287 1196 1328 Emper
1210 1285 1233 1325 ³)
1258 1287 1473 1318 attribuerunt
1497 1289 1566 1319 viae

349 1348 378 1376 et
403 1347 526 1385 rationi,
553 1356 647 1386 quam
673 1345 747 1376 Geel
773 1347 901 1375 secutus
926 1346 973 1375 est
993 1345 1024 1374 in
1047 1345 1188 1375 oratione
1202 1343 1275 1374 XII.
1291 1345 1430 1384 primum
1444 1344 1564 1375 edenda

349 1406 378 1433 et
403 1403 597 1443 reliquarum
622 1401 734 1432 Dionis
760 1402 939 1431 orationum
965 1400 1102 1431 editione
1126 1401 1347 1441 praeparanda.

392 1459 517 1499 Iudicii,
544 1459 629 1499 quod
654 1458 840 1488 Bakhuizen
864 1459 897 1487 in
922 1457 1031 1497 diario,
1054 1458 1105 1487 cui
1131 1467 1245 1488 nomen
1274 1457 1332 1496 „de
1358 1456 1563 1498 Gids'’,feoit,

348 1516 495 1546 dimidiae
530 1516 610 1556 parti
647 1525 741 1555 quam
779 1515 918 1545 maxime
949 1514 1121 1551 assenti0r;
1147 1517 1193 1544 est
1218 1517 1324 1545 autem
1349 1514 1408 1544 hoc
1422 1513 1462 1551 ⁴):
1491 1514 1562 1553 „het

348 1574 396 1612 (is)
429 1572 537 1603 vooral
572 1572 623 1603 die
647 1572 729 1603 tekst
753 1572 810 1612 (se.
835 1570 1017 1611 Olympici),
1042 1570 1141 1601 welke
1165 1580 1223 1601 ons
1248 1573 1278 1601 te
1303 1580 1387 1601 meer
1412 1570 1485 1601 doet
1511 1569 1576 1601 be'-'

343 1631 530 1670 jammeren,
567 1629 618 1660 dat
649 1628 732 1659 Prof.
765 1628 840 1659 Geel
866 1628 902 1658 de
927 1628 1053 1668 overige
1077 1627 1323 1667 redevoeringen
1352 1627 1477 1667 kariger
1501 1626 1562 1657 dan

348 1687 423 1717 deze
458 1686 604 1717 twaalfde
639 1685 814 1716 behandeld
847 1684 937 1715 heeft.
970 1683 1037 1714 Ons
1062 1684 1233 1724 verlangen
1258 1693 1336 1714 naar
1359 1693 1458 1714 eenen
1485 1683 1562 1714 lees-

348 1743 443 1774 baren
469 1743 560 1782 tekst,
584 1743 631 1772 uit
655 1741 862 1782 vergelijking
885 1741 939 1772 der
964 1742 1111 1781 princeps
1135 1741 1230 1771 editio
1255 1750 1293 1771 en
1316 1741 1370 1771 der
1383 1741 1563 1781 aanwezige

347 1799 476 1830 Codices
512 1799 721 1839 nauwkeurig
752 1797 993 1838 samengesteld,
1018 1800 1080 1828 met
1104 1798 1291 1838 aanwijzing
1315 1797 1370 1828 der
1393 1797 1559 1827 varianten

346 1866 385 1887 en
410 1860 472 1887 met
496 1856 606 1887 sobere
630 1864 763 1896 opname
788 1855 843 1885 der
867 1854 955 1885 beste
978 1863 1017 1885 en
1042 1853 1184 1884 zekerste
1204 1854 1378 1894 gissingen‚
1403 1862 1485 1884 ware
1499 1853 1560 1883 dan

344 1913 478 1944 vervuld
501 1911 700 1953 geworden'’.
725 1911 794 1941 Hoc
819 1911 903 1941 enim
929 1913 959 1941 et
983 1911 1049 1950 ipse
1074 1910 1302 1949 contenderim,
1324 1909 1469 1940 Geelium
1491 1919 1560 1940 ora—

345 1970 440 2000 tionis
464 1969 538 1999 XII.
562 1972 685 2000 textum
712 1977 807 2009 quam
833 1968 950 2007 optime
974 1966 1012 1997 ad
1037 1966 1132 1997 fidem
1155 1966 1299 1996 codicum
1323 1966 1468 1997 edidisse.
1482 1965 1562 1996 Con-

345 2027 402 2057 tuli
427 2037 455 2067 p.
480 2026 675 2056 202-212a
698 2026 731 2055 in
757 2023 950 2055 editionibus
971 2023 1080 2062 Geehi,
1102 2022 1253 2063 Emperfi,
1267 2023 1422 2061 Arnimii;
1437 2023 1561 2054 sirecte

344 2084 519 2122 numeravi,
553 2083 602 2113 his
637 2082 761 2122 paginis
796 2083 919 2111 tantum
954 2080 972 2109 9
1004 2089 1045 2110 ex
1069 2080 1137 2110 suis
1162 2080 1352 2110 coniecturis
1376 2080 1408 2109 in
1434 2082 1558 2110 textum

379 2219 403 2249 1)
422 2218 505 2242 Praef.
524 2226 547 2248 p.
566 2217 608 2241 XI.

377 2260 402 2289 2)
421 2259 450 2282 In
476 2257 567 2287 diario,
593 2257 636 2280 cui
663 2264 760 2280 nornen
786 2259 825 2280 est
851 2256 899 2286 „de
927 2255 1013 2285 Gids··,
1042 2255 1068 2278 in
1095 2257 1168 2285 parte
1187 2254 1512 2286 „Boekbeoordeelingen”
1532 2261 1556 2284 p.

341 2297 482 2322 564—566.

376 2337 402 2368 3)
422 2336 537 2367 Emperii
557 2336 636 2366 praef.
656 2343 678 2365 p.
697 2335 786 2365 XXII„
804 2335 909 2366 passim.

380 2377 407 2407 4)
425 2377 460 2400 Μ.
482 2384 506 2406 p.
526 2374 582 2399 564.
