1673 2768
716 293 753 321 15

126 385 226 414 titiam
258 384 326 424 ipse
358 385 496 414 venisset
524 384 649 414 duobus
674 386 766 415 annis
791 388 872 423 ante,
896 395 968 415 cum
995 395 1033 415 ex
1061 386 1171 415 itinere
1198 384 1339 414 Bonnam

123 441 319 480 devertisset,
351 444 458 470 narrat
491 440 567 471 Geel
591 442 623 471 in
650 441 843 481 praefatione
868 442 1051 472 alacerrime
1075 444 1104 471 et
1129 441 1342 471 urbanissime

122 497 308 536 conscripta.

166 552 317 583 Laudatis
349 553 398 590 iis,
432 554 487 593 qui
512 554 543 583 in
570 557 678 584 nostra
703 555 804 594 patria
829 554 902 584 olim
928 554 1079 594 philologi
1103 553 1284 591 floruerant,
1309 554 1341 583 in

122 610 307 640 memoriam
344 608 529 640 Ruhnkenii
565 609 718 641 Heinrich
755 610 899 649 redierat,
931 610 969 641 de
1001 611 1071 640 eius
1097 610 1341 647 commentariis,

122 666 177 706 qui
214 666 245 695 in
284 665 480 696 Bibliotheca
514 665 612 707 Lugd.
647 667 715 697 Bat.
740 668 859 698 servari
885 667 1052 705 ferrentur,
1077 667 1266 697 sciscitatus.
1290 666 1340 696 Ad

121 721 240 752 laboris
265 722 505 753 admirationem
533 723 641 761 multa,
666 723 704 753 ad
730 724 898 754 editionem
925 723 988 754 fere
1013 723 1092 753 nihil
1115 724 1251 753 existere
1267 722 1340 753 Geel

122 779 339 819 responderat.
363 778 507 810 Suetonii
533 783 638 810 autem
664 779 813 810 Wolfiani
839 779 1064 820 praefationem
1091 789 1162 810 cum
1185 780 1340 819 inspexis-

122 837 201 873 sent,
234 835 380 866 viderant
412 835 563 866 Wolfium
598 836 690 866 valde
716 836 906 866 delectatum
932 845 1001 866 esse
1025 836 1182 876 excerptis
1209 835 1340 875 quibus-

126 891 196 921 dam
240 900 280 922 ex
324 890 508 922 Ruhnkenii
548 892 587 922 ad
623 891 812 922 Suetonium
849 891 1050 932 lectionibus,
1079 901 1160 932 quae
1196 901 1268 922 cum
1305 901 1341 922 eo

125 939 251 978 iuvenis
278 948 408 988 quidam
434 948 576 979 Batavus
600 950 899 979 communicaverat.

165 1002 253 1034 Tunc
277 1003 431 1034 Heinrich
456 1014 473 1034 a
500 1003 608 1034 Geelio
633 1005 868 1044 impetraverat,
894 1007 928 1035 ut
953 1005 1111 1045 integrum
1134 1013 1168 1034 se
1181 1013 1340 1034 commen-

122 1060 237 1090 tarium
263 1060 424 1090 editurum
439 1060 651 1100 polliceretur.
668 1060 848 1100 „Reducem
863 1062 895 1091 in
910 1062 1043 1101 patriam
1060 1079 1098 1082 —
1114 1061 1158 1091 ita
1172 1060 1247 1091 Geel
1266 1058 1285 1098 ¹)
1300 1078 1339 1082 -

121 1116 221 1146 multa
257 1117 385 1156 negotia
421 1126 470 1147 me
505 1116 565 1147 sibi
599 1117 813 1155 vindicarunt,
847 1117 940 1148 rediit
964 1117 1078 1147 deinde
1104 1117 1222 1147 sensim
1249 1120 1340 1147 vetus

122 1172 175 1202 illa
207 1172 374 1212 dubitatio,
406 1182 446 1203 ex
477 1172 675 1204 dubitatione
699 1174 877 1211 cunctatim
904 1173 1052 1213 denique,
1077 1176 1113 1203 ut
1135 1173 1179 1211 fit,
1204 1172 1338 1203 oblivio:

120 1232 151 1260 et
186 1230 325 1260 iacerent
358 1229 531 1260 etiamnum
564 1230 596 1259 in
629 1230 755 1260 scriniis
788 1229 913 1260 Scholia
937 1228 1180 1268 Ruhnkeniana,
1203 1229 1266 1259 nisi
1292 1238 1341 1259 me

121 1286 315 1316 excitassent
358 1285 467 1316 literae
509 1286 758 1317 humanissimae
798 1286 1030 1325 Friedemanni,
1067 1286 1128 1316 viri
1164 1285 1341 1325 clarissimi,

120 1343 273 1382 scriptum
311 1342 493 1382 exemplum
531 1342 643 1373 horum
677 1343 871 1373 scholiorum
905 1343 1070 1381 mittentis,
1101 1343 1177 1372 satis
1209 1342 1338 1382 quidem

122 1401 317 1437 accuratum,
352 1398 407 1429 sed
443 1399 531 1439 prius
569 1409 663 1439 quam
699 1400 784 1439 typis
819 1399 1005 1438 traderetur,
1038 1408 1110 1429 cum
1143 1398 1339 1439 autographo

119 1455 355 1486 conferendum.
383 1454 597 1486 Meditabatur
620 1456 704 1486 enim
731 1455 982 1486 Friedemannus
1003 1455 1183 1494 editionem,
1198 1455 1340 1495 mihique

118 1511 295 1542 collationis
319 1521 429 1542 curam
455 1511 633 1542 mandabat.
657 1511 818 1552 Rescripsi
840 1512 871 1541 in
892 1511 961 1542 aliis
984 1521 1033 1542 me
1046 1514 1170 1552 praesto
1183 1511 1340 1550 futurum,

119 1569 200 1599 hanc
231 1571 316 1599 certe
344 1568 516 1598 editionem
542 1578 559 1598 a
585 1577 634 1599 me
659 1577 756 1608 prope
780 1568 918 1608 requiri:
945 1577 1040 1608 quam
1066 1568 1093 1598 si
1117 1567 1340 1607 relinquerem,

118 1625 180 1655 iam
205 1634 269 1655 non
295 1625 399 1665 specie
423 1624 591 1655 cuiusdam
612 1624 800 1665 prudentiae
821 1633 871 1655 me
891 1627 1040 1664 tegerem,
1053 1624 1107 1655 sed
1121 1624 1337 1655 contraherem

118 1681 244 1721 culpam
269 1681 418 1712 desidiae.

161 1737 248 1768 Haec
271 1738 380 1778 igitur,
408 1737 434 1768 si
460 1738 602 1768 veterani
626 1737 717 1768 facile
744 1736 907 1776 carebunt,
932 1737 1038 1777 legant
1059 1737 1178 1767 tirones
1199 1739 1229 1767 et
1247 1746 1338 1767 accu-

116 1796 184 1825 rate
209 1794 420 1824 meditentur:
446 1794 749 1834 quomodocumque
773 1794 857 1825 enim
884 1802 917 1824 se
938 1794 1033 1824 iactet
1045 1796 1191 1824 nostrum
1205 1796 1339 1833 tempus,

117 1860 182 1880 non
215 1850 361 1881 meliores
394 1853 469 1881 sunt
499 1860 595 1891 quam
621 1851 642 1880 ii
667 1850 806 1886 fuerunt,
831 1859 912 1890 quos
937 1849 1152 1880 Ruhnkenius
1177 1849 1338 1880 docebat”.

162 1906 249 1937 Wolf
270 1909 393 1937 tantum
419 1907 687 1947 hypomnematis,
713 1916 795 1947 quae
820 1906 859 1936 ad
883 1907 1002 1946 primos
1024 1908 1176 1946 quattuor
1190 1905 1338 1936 Caesares

117 2031 208 2052 contre
228 2029 277 2054 lui.
294 2029 332 2060 J‘y
351 2029 375 2053 ai
395 2029 493 2058 reussi3
513 2029 536 2052 le
559 2029 632 2059 poids
651 2029 682 2052 de
704 2029 727 2052 la
750 2028 968 2052 reconnaissance
988 2027 1053 2058 qu'il
1071 2028 1157 2051 aui-ait
1176 2028 1211 2051 du
1228 2034 1269 2050 me
1280 2034 1338 2058 gar-

118 2068 174 2098 der,
199 2076 213 2091 a
241 2069 325 2092 rendu
353 2071 394 2092 cet
422 2068 527 2091 homme
556 2082 587 2085 —
616 2068 706 2091 moitie
727 2068 780 2095 fou,
798 2068 888 2091 moine
908 2070 995 2091 atroce
1015 2081 1046 2084 -—
1066 2075 1125 2091 inon
1144 2066 1251 2090 ennemi
1269 2067 1338 2097 jure.

118 2107 274 2131 Connaissez
292 2108 369 2137 Vous,
389 2107 532 2137 Monsieur,
551 2108 597 2131 des
616 2109 688 2131 eti-es
706 2107 738 2130 de
756 2115 785 2131 ce
804 2107 937 2130 caractere
946 2106 975 2130 ἵν’

150 2146 251 2175 Quibus
279 2148 341 2171 Geel
366 2147 520 2177 adscripsit:
537 2154 594 2178 „om
614 2147 676 2170 deze
693 2147 798 2176 periode
817 2146 880 2169 zend
900 2146 925 2169 ik
946 2153 962 2169 u
983 2146 1032 2169 den
1054 2146 1123 2169 brief
1139 2145 1265 2175 eventjes.
1284 2145 1336 2168 Een

118 2186 210 2217 lastige
238 2186 341 2217 Collega
370 2194 431 2209 voor
458 2186 499 2209 dic
528 2186 749 2209 Biebelebonsclie
769 2186 886 2209 Heeren!
906 2186 978 2209 Maur
997 2193 1031 2208 nu
1054 2185 1155 2208 bedauk
1175 2185 1200 2208 ik
1221 2192 1250 2208 er
1269 2192 1339 2215 voor,

117 2233 160 2248 om
190 2225 218 2249 H.
246 2226 327 2257 rnijne
353 2225 462 2249 Sueten.
489 2225 659 2256 optedragen.
688 2225 727 2256 Hij
757 2226 806 2248 had
834 2226 876 2248 het
905 2225 927 2247 al
958 2225 1019 2247 bont
1037 2232 1135 2255 genoeg
1156 2227 1208 2247 met
1229 2224 1273 2255 mij
1294 2231 1337 2254 ge-

119 2264 216 2294 mankt,
234 2272 267 2288 en
288 2272 324 2289 nu
343 2265 365 2288 is
384 2265 415 2288 de
436 2267 505 2288 inaat
526 2264 592 2289 vol''.

152 2304 180 2334 ’1)
199 2304 283 2328 Praei.
303 2312 326 2334 p.
346 2303 359 2327 7
381 2306 407 2327 et
425 2303 448 2327 8.
