1673 2768
856 295 914 323 142

274 386 348 416 leris
373 385 483 416 saltem
509 385 653 422 ,mdc-ms&
679 385 766 416 Idem
792 385 941 425 Hartung
953 395 1025 416 cum
1039 386 1110 416 aliis
1123 386 1348 426 interpretibus
1362 386 1491 423 Ξμμκτκ

275 441 384 472 habuit
420 452 475 482 pro
511 443 717 482 nominativo,
755 452 817 482 quo
854 443 1124 473 constructionem
1150 443 1234 473 iusto
1259 443 1490 483 impeditiorem

274 498 440 529 admisisse
466 498 573 528 Geelio
600 498 743 535 videtur3
770 499 901 528 omnino
927 499 1055 538 requiri,
1080 503 1115 529 ut
1139 498 1269 536 ἕμμκτκ
1282 500 1323 529 sit
1336 501 1488 530 accusati-

275 564 333 584 vus
370 554 511 594 pendens
547 564 564 584 a
600 553 770 592 κρύπτοντκ
807 558 837 584 et
874 564 891 584 a
923 555 1088 595 participio
1120 555 1251 586 alterius
1275 555 1374 592 verbi,
1399 557 1492 587 cuius

274 611 378 641 locum
405 611 607 651 occupaverit
632 610 796 647 βλέποντκ.
823 610 897 651 Legi
923 612 1006 641 enim
1035 611 1103 641 vult
1128 610 1247 648 οἴγεντκ
1269 612 1317 642 vel
1332 611 1492 651 δεικνύντα,

275 667 322 697 vel
347 667 445 707 aliud,
470 667 555 707 quod
580 668 711 698 eandem
739 667 851 697 habeat
875 669 1076 698 sententiam.

319 723 373 763 Iis,
410 724 465 763 qui
498 733 569 753 cum
604 723 741 763 Bergkio
758 723 783 765 ¹)
808 724 866 754 hos
891 733 1004 754 versus
1028 724 1133 755 delere
1159 725 1266 763 velint,
1291 725 1413 763 suadet,
1439 728 1493 763 „ut

275 780 403 810 videant
438 789 476 810 ne
512 779 590 810 alios
625 789 737 810 versus
770 790 824 820 pro
858 781 1027 821 expunctis
1052 780 1198 811 fabricari
1224 781 1394 821 oporteat'’.
1420 781 1492 812 Non

274 837 359 867 enim
396 835 547 866 credibile
571 845 641 866 esse
665 837 697 866 in
723 837 919 877 reliquarum
946 837 1194 877 descriptionum
1221 841 1343 878 ornatu,
1370 839 1492 878 Argum

274 892 313 922 ab
339 891 492 932 Euripide
517 902 627 932 parum
654 893 740 923 laute
765 893 931 924 excultum
958 903 1035 924 esse.

319 948 455 979 Versum
493 948 631 988 denique
670 950 753 979 1118
791 949 826 984 ὥς
863 948 979 988 ὕστερον
1010 950 1139 985 &swabi-:4
1166 950 1275 987 simia
1301 954 1396 989 παρῆν
1419 960 1492 981 cum

276 1004 503 1035 Valckenaerio
539 1006 699 1036 insulsum
737 1006 873 1036 iudicat:
911 1010 966 1037 aut
992 1008 1152 1038 curiosum
1179 1008 1318 1047 aliquem
1344 1008 1492 1038 lectorem

274 1062 456 1101 peccavisse
491 1060 712 1102 interpolando
749 1067 804 1092 aut
839 1062 1026 1103 Euripidem
1053 1063 1283 1094 dormitavisse.
1308 1063 1494 1094 Hermanno

275 1121 304 1148 et
340 1117 534 1149 Firnhabero
559 1119 644 1148 hunc
669 1128 796 1149 versum
822 1123 932 1149 contra
959 1119 1224 1150 Valckenaerium
1250 1120 1493 1151 defendentibus

274 1174 460 1214 respondet:
490 1174 650 1213 „ubinam,
676 1184 803 1215 quaeso,
828 1180 975 1206 narratur
999 1175 1220 1217 Hippomedon
1246 1177 1308 1206 iam
1333 1179 1400 1207 tum
1415 1177 1493 1208 ceci-

275 1230 383 1262 disse?
426 1229 487 1261 Sed
523 1231 572 1261 fac
607 1241 680 1262 eum
718 1232 922 1262 interemtum
960 1241 1038 1271 esse,
1073 1234 1112 1263 iis
1148 1232 1344 1273 temporibus
1380 1233 1495 1263 acriter

274 1289 411 1328 pugnari
455 1288 576 1318 solebat
613 1288 650 1319 de
686 1298 849 1319 caesorum
886 1289 1005 1319 ducum
1042 1289 1245 1330 corporibus:
1282 1290 1391 1330 itaque
1426 1290 1493 1320 veri

274 1344 522 1375 dissimillimum
548 1348 595 1376 est
617 1344 791 1384 Thebanos,
813 1346 867 1386 qui
881 1355 920 1376 ne
935 1347 1098 1376 victoriam
1113 1346 1241 1386 quidem
1255 1349 1372 1377 certam
1386 1355 1493 1387 repor-

273 1402 436 1440 tavissent,
471 1402 588 1432 otiosos
624 1401 789 1442 explorare
824 1402 965 1442 potuisse
1001 1403 1132 1442 quinam
1165 1402 1250 1432 oculi
1275 1402 1436 1443 Panoptae
1459 1403 1492 1432 in

274 1457 385 1498 clypeo
421 1457 687 1498 Hippomedontis
721 1458 821 1498 aperti
857 1461 971 1497 essent,
1007 1459 1138 1498 quinam
1174 1458 1283 1489 clausi.
1318 1458 1494 1498 Caeterum,

274 1514 359 1554 quod
392 1513 482 1544 valde
506 1514 611 1553 miror,
637 1524 700 1544 non
725 1514 933 1545 adverterunt
956 1515 989 1545 in
1016 1515 1073 1545 hac
1097 1516 1312 1546 controversia
1336 1515 1492 1546 Herman-

275 1580 351 1600 num
389 1574 418 1601 et
454 1570 684 1601 Firnhaberum
711 1580 823 1602 versus
851 1571 935 1602 1139
962 1581 1007 1611 sq.
1033 1574 1128 1610 πκρῆν
1153 1570 1309 1602 &emim-ou
1333 1571 1423 1602 τῶνδὲ
1443 1583 1492 1609 μοι

275 1626 417 1664 θεάμκτκ
442 1626 577 1664 idaeum
603 1626 803 1665 πκρκφέρσντι
830 1627 967 1665 ποιμέσιν
992 1626 1090 1666 λόχων
1109 1629 1128 1658 i.
1144 1637 1168 1658 e.
1194 1638 1212 1668 q
1228 1638 1248 1658 u
1262 1638 1283 1658 u
1297 1638 1327 1658 m
1352 1632 1393 1659 te
1406 1639 1421 1660 s
1435 1639 1449 1660 s
1462 1639 1492 1660 e-

275 1693 361 1714 ram
406 1683 663 1723 perferrem
708 1684 758 1714 ad
795 1684 953 1723 duces,
991 1685 1146 1725 quiin
1185 1685 1493 1716 munimentis

275 1733 483 1779 stabant,
515 1739 608 1770 fuit
642 1740 751 1770 mihi
783 1741 918 1781 copia
950 1741 1155 1772 hostium
1187 1742 1492 1773 uniuscuius-

275 1806 359 1837 que
394 1798 611 1838 insignia
648 1797 696 1828 de
733 1799 877 1829 muris
913 1798 1174 1838 spectandi.
1209 1797 1273 1828 Eos
1294 1807 1407 1829 versus
1427 1808 1491 1829 non

273 1857 390 1884 temere
425 1855 531 1894 posuit
567 1853 737 1894 Euripides
770 1865 788 1895 p
802 1864 847 1885 ro
861 1865 880 1884 x
896 1855 948 1885 im
964 1864 980 1885 e
1004 1858 1075 1895 post
1098 1855 1271 1885 recensitos
1297 1855 1490 1895 Argivorum

274 1910 369 1941 duces
406 1910 628 1952 descriptaque
663 1912 802 1951 insignia
838 1914 1023 1942 scutorum:
1049 1911 1134 1942 unde
1160 1912 1309 1952 sequitur
1334 1921 1378 1942 vs.
1407 1912 1491 1942 1118

275 1977 337 1997 non
376 1967 479 1997 solum
517 1977 579 1997 non
606 1969 831 2007 necessarium,
856 1968 910 1998 sed
936 1968 1074 1998 alienum
1099 1977 1168 1999 esse
1192 1967 1230 1998 ab
1255 1969 1388 1999 consilio
1414 1968 1491 1999 Poe-

275 2028 341 2054 tae:
366 2033 439 2054 nam
464 2024 587 2064 reliqua
611 2025 749 2065 insignia
773 2024 958 2065 clypeorum
985 2034 1046 2054 non
1075 2025 1174 2065 magis
1195 2025 1333 2055 discerni
1348 2029 1492 2065 poterant

278 2080 372 2118 „dum
398 2080 633 2121 pugnabatur”,
656 2091 750 2121 quam
777 2081 862 2111 oculi
887 2080 1065 2121 Panoptae:

518 2137 606 2173 μόλις
630 2137 688 2175 73⁶9
714 2139 750 2167 >iv
772 2149 818 2172 τις
842 2137 923 2168 αὐτὰ
948 2137 1114 2175 rainy-af*
1139 2136 1203 2175 ὁρᾶν

519 2193 630 2224 δύνκιτ”
657 2193 691 2224 ἂν
716 2194 806 2229 ἑστὼς
832 2194 987 2231 πολεμίοις
1011 2194 1166 2228 ἕνκντι’5ς“’.

308 2311 335 2341 1)
354 2312 439 2342 „Dian
460 2312 564 2342 Antiq‘.
583 2320 604 2335 a.
625 2311 689 2335 1835
709 2320 732 2342 p.
751 2312 807 2336 964.
