1673 2768
894 314 935 343 88

353 407 451 448 Rogo,
486 410 522 437 ut
556 416 713 447 perpauca
747 407 822 436 mihi
854 405 1000 446 exempla
1025 414 1139 443 merae,
1163 408 1198 435 ut
1221 406 1264 435 ita
1290 404 1402 443 dicam,
1426 405 1522 435 inter-

309 464 493 504 pretationis
517 463 680 501 concedas,
704 465 874 502 antequam
899 471 1026 502 pergam
1052 461 1090 491 ad
1114 461 1199 491 illam
1221 461 1524 501 interpretationem,

311 529 392 560 quae
416 520 454 550 ad
480 522 603 550 textum
628 521 752 549 tantum
778 518 1010 549 defendendum
1037 518 1182 558 pertinet.

353 576 387 606 P.
425 577 484 606 5Sa
520 575 560 605 rs}
595 575 679 605 κκλνὶ
714 584 754 606 ex
788 575 858 605 aliis
889 574 966 604 locis
991 573 1066 604 Geel
1092 573 1320 604 demonstravit
1344 572 1524 614 significare

310 636 410 672 „artes
433 632 588 669 liberales,
613 641 758 672 quaeque
783 630 1013 671 gymnasticam
1040 629 1233 669 attingunt”.

354 689 388 719 P.
425 689 506 719 3070
538 688 575 719 de
599 688 749 725 ,ἑσῼκὶῷς
772 685 940 724 κεκρκμένῳ
965 687 1107 726 scripsit:
1133 690 1187 725 „ut
1211 684 1405 724 σφάλλεσθκι
1432 695 1525 716 usur-

311 750 403 786 patur
439 745 476 776 de
511 745 615 783 ebriis,
651 745 695 774 sic
730 744 880 782 νὶτφκὶῶς
916 747 979 774 est:
1018 743 1061 773 ita
1086 744 1234 782 mixtum,
1258 746 1293 773 ut
1318 752 1357 773 ne
1381 745 1525 783 potantes

312 801 474 832 inebriet&

356 858 388 888 P.
423 857 506 887 359d
539 856 742 895 vocabulum⁷
767 855 850 896 quod
876 858 923 886 est
949 854 1145 892 πεπττυσμές.
1171 855 1229 885 hoc
1255 855 1348 886 modo
1372 856 1526 895 interpre-

312 917 397 944 tatus
433 918 496 944 est:
533 913 601 952 „vel
639 912 816 942 modestum
854 914 901 942 est
925 911 1161 951 approbationis
1186 912 1325 952 signum,
1349 911 1398 942 vel
1422 910 1525 945 firm,

313 970 436 1009 sibilus,
462 980 524 1010 quo
550 970 654 1000 oriens
678 978 786 999 rumor
809 967 1059 1008 comprimitur”.

361 1026 390 1057 P.
428 1027 508 1056 3950
544 1024 678 1063 συνείρειν
712 1025 880 1064 „usurpari
917 1024 954 1054 de
989 1024 1075 1054 omni
1111 1025 1295 1055 continuata
1319 1024 1470 1062 oratione,
1494 1024 1527 1054 in

313 1084 502 1124 loquacitate
526 1082 651 1122 proprie
675 1081 770 1122 poni''
795 1081 865 1111 aliis
890 1081 966 1111 locis
991 1080 1112 1111 collatis
1133 1080 1371 1119 demonstravit,
1385 1083 1419 1110 ut
1431 1080 1527 1111 simul

312 1141 399 1170 litem
450 1141 658 1179 componeret,
701 1148 796 1178 quam
840 1137 992 1167 habuerat
1036 1138 1069 1167 in
1106 1136 1186 1167 Bibl.
1223 1146 1264 1167 cr.
1299 1146 1382 1167 nova
1399 1134 1419 1175 ¹)
1454 1146 1526 1167 cum

313 1195 495 1234 Fritzschio‚
527 1196 583 1235 qui
607 1194 825 1225 contenderat:
852 1203 1029 1234 „nusquam
1055 1193 1150 1224 verbo
1171 1192 1302 1231 συνείρειν
1326 1193 1527 1234 loquacitatis

319 1254 382 1283 vim
407 1251 542 1282 inesse”.

360 1309 391 1339 P.
417 1309 500 1339 439a
533 1308 570 1339 de
607 1307 711 1339 verbis
735 1307 809 1346 ,ῥπὸ
834 1306 866 1337 τὸ
892 1305 1008 1344 mairie)
1032 1305 1085 1341 τὴν
1111 1309 1199 1345 χεῑρκ
1225 1305 1426 1340 ὑπεστεί).αις”
1451 1306 1527 1337 haec

314 1365 474 1396 observat:
512 1366 658 1405 „signum
695 1367 761 1395 erat
796 1363 999 1400 κστμιότητες,
1040 1373 1132 1404 quem
1171 1373 1289 1393 morem
1325 1363 1526 1394 illustrarunt

316 1421 447 1453 Casaub.
473 1422 511 1452 ad
536 1420 626 1462 Diog.
651 1420 751 1451 Laert.
776 1420 830 1451 IV.
859 1420 897 1450 16
926 1419 1074 1460 aliique'’.

358 1478 392 1509 P.
418 1478 518 1508 588d:
546 1477 630 1518 quod
655 1477 889 1517 Sardanapalus
912 1475 1068 1514 ἆνκβοὶδην
1093 1476 1212 1507 sedisse
1236 1476 1352 1506 dicitur
1371 1476 1413 1506 ita
1433 1476 1526 1507 inter-

315 1538 472 1576 pretatur:
494 1534 646 1575 „pedibus
671 1543 800 1565 scamno
824 1534 991 1574 impositis,
1014 1533 1173 1573 flexisque
1196 1532 1352 1573 genubus,
1377 1542 1440 1572 quo
1459 1541 1528 1573 gre-

317 1593 414 1623 mium
438 1591 562 1630 faceret,
587 1594 620 1621 ut
646 1590 826 1621 mulieres”.

360 1703 443 1740 Quid
467 1707 572 1734 autem
597 1703 672 1734 Geel
697 1703 850 1734 iudicavit
875 1703 912 1734 de
937 1702 1049 1734 Dionis
1073 1702 1214 1733 fontibus
1238 1705 1334 1742 atque
1349 1702 1530 1742 exemplis?

317 1760 400 1797 Quid
435 1761 473 1792 de
507 1762 577 1791 eius
608 1761 785 1791 orationum
812 1761 953 1791 consiliis
978 1763 1008 1790 et
1031 1759 1225 1800 propositis?
1251 1758 1333 1795 Quid
1361 1759 1469 1789 docuit
1492 1758 1531 1790 de

316 1817 429 1848 Dionis
454 1817 613 1848 scribendi
637 1817 777 1858 genere?

361 1875 426 1905 Iam
451 1875 482 1904 in
508 1874 774 1905 commentatione
799 1874 837 1904 de
861 1873 1017 1914 Apologia
1041 1872 1178 1903 Socratis
1204 1876 1234 1903 et
1257 1875 1416 1913 postremo
1429 1873 1531 1912 capite

317 1931 569 1962 Memorabilium
586 1929 611 1971 2)
647 1930 721 1961 Geel
746 1930 951 1961 contenderat
977 1929 1109 1960 Dionem
1136 1929 1406 1960 studiosissimum
1431 1928 1532 1959 fuisse

318 1987 557 2028 Xenophontis:
591 1997 714 2028 „neque
745 1987 834 2026 alios,
860 1987 973 2027 inquit,
997 1986 1148 2027 fugerunt
1171 1986 1356 2016 imitationis
1381 1986 1529 2026 vestigia:

319 2044 475 2075 laudabile
501 2044 654 2084 studium,
678 2045 704 2075 si
730 2054 792 2084 quo
818 2043 947 2075 tendat'’
963 2041 994 2081 3).
1018 2043 1055 2074 In
1082 2042 1247 2083 Olympico
1269 2042 1434 2083 permultis
1454 2042 1531 2072 locis

352 2185 378 2215 1)
397 2183 455 2208 Vol.
474 2184 516 2208 111.
535 2192 560 2215 p.
577 2183 633 2208 414.
652 2184 689 2208 Cf.
707 2183 837 2208 Sectionis
857 2183 876 2208 1.
895 2191 919 2214 p.
940 2182 981 2213 12,
998 2182 1038 2207 53.

351 2224 377 2253 Εἰ)
397 2224 433 2248 Cf.
451 2223 580 2247 Seetionis
598 2223 616 2247 Ι.
631 2231 654 2254 p.
673 2222 713 2247 29.

351 2262 379 2293 3)
397 2263 423 2286 P.
441 2262 480 2286 23.
499 2262 605 2286 Schmid
622 2263 702 2293 (.,Der
720 2263 890 2287 Atticismus''
910 2262 959 2286 vol.
978 2262 995 2286 1.
1015 2269 1038 2292 p.
1057 2261 1117 2292 141)
1139 2262 1244 2292 scripsit
1264 2261 1374 2285 Dionem
1386 2261 1527 2285 verborum

318 2303 419 2333 copiam
447 2304 600 2326 mutuatum
627 2310 683 2326 esse
709 2303 835 2331 „weitaus
861 2302 906 2326 das
933 2302 1026 2326 meiste
1053 2309 1100 2325 aus
1119 2301 1165 2325 der
1184 2301 1299 2332 Sprache
1318 2301 1363 2325 des
1382 2301 1455 2325 Plato
1474 2300 1531 2324 und

320 2342 490 2372 Xenophon:
