1673 2768
692 307 731 337 41

103 399 329 438 coniecturam,
365 409 446 439 quae
482 403 529 430 est
564 399 648 437 ὄγκος
684 410 739 441 pro
764 398 858 437 &22:52
896 402 1025 430 Aiacem
1051 402 1134 431 enim
1162 411 1320 441 nusquam

105 455 261 486 iuravisse
278 453 308 493 ¹).

147 509 263 541 Contra
299 510 590 553 Schneidewinum‚
627 522 721 553 quem
756 513 873 543 nostris
897 512 1095 553 temporibus
1119 513 1321 543 Bellermann

103 570 232 597 secutus
257 571 312 607 est,
337 568 501 599 contendit
527 568 622 599 verba
647 568 773 607 οἰκτείρω
799 568 830 599 δέ
852 581 891 599 νιν
906 593 912 599 .
928 593 935 599 .
950 593 978 599 ,.
1001 572 1102 599 λιπεῖν
1115 572 1172 608 (vs.
1187 569 1250 599 652
1265 572 1322 609 sq.)

104 633 167 653 non
199 633 307 661 unam,
339 624 394 654 sed
421 624 500 655 duas
525 626 698 656 sententias
723 624 856 656 habere:
882 628 945 655 tam
974 625 1024 664 „ik
1048 625 1159 665 gevoel
1185 625 1320 664 medelij-

104 679 174 718 den,
211 689 255 710 nu
290 679 322 709 ik
355 680 429 711 haar
452 691 492 721 ga
516 681 688 721 verlaten'',
713 692 808 722 quam
836 682 929 722 „mijn
955 682 1140 722 medelijden
1167 681 1248 712 belet
1272 682 1321 721 mij

103 736 179 766 haar
203 739 233 767 te
259 736 421 767 verlaten’'
437 735 468 775 2),

148 792 185 822 In
211 802 272 823 vss.
298 793 494 824 657—659:

371 874 470 910 μολών
495 886 526 904 τε
552 877 644 913 χῶρον
669 874 720 905 ἕνθ’
746 874 781 904 ἂν
805 875 918 912 ἀστιβῆ
944 875 1030 913 ziz-v.

369 930 468 968 κρύψω
493 931 552 961 τόδ’
579 931 673 969 ἔγχος
698 931 815 968 τούμόν,
840 931 974 970 ἔχθιστον
999 932 1106 968 βελῶν,

371 987 463 1023 γχίκς
486 985 589 1025 ἐρύξας
613 987 678 1017 §uox
702 989 744 1024 μή
769 1000 814 1022 τις
837 988 954 1026 ἕψετκι·

107 1076 191 1104 reete
227 1073 303 1105 Geel
338 1074 584 1106 Schneidewinii
616 1075 860 1116 explicationem
887 1076 981 1114 vocis,
1007 1085 1088 1116 quae
1112 1078 1160 1106 est
1184 1074 1322 1113 ὀρύττειν,

107 1131 312 1170 oppugnavit,
348 1140 421 1160 nam
457 1141 521 1161 non
557 1135 620 1162 est:
658 1132 689 1162 in
726 1136 808 1162 terra
840 1132 1000 1162 occultare
1031 1131 1322 1170 (‚,verscharren'’);

107 1187 212 1217 minus
244 1190 327 1217 recte
353 1190 455 1218 tamen
485 1187 617 1225 „yxlxg”
642 1188 749 1219 divisit
774 1188 812 1219 ab
839 1187 914 1221 ἕνθκ,
940 1198 1003 1229 quo
1027 1188 1109 1219 facto
1134 1189 1210 1219 haec
1234 1188 1323 1219 fieret

105 1244 280 1274 sententiae
316 1243 520 1284 significatio:
559 1245 608 1279 „ik
634 1245 680 1275 zal
707 1246 755 1285 mij
782 1255 857 1275 naar
882 1254 959 1276 eene
982 1244 1194 1276 onbetredene
1219 1245 1318 1285 plaats

105 1299 245 1340 begeven
282 1309 319 1331 en
357 1301 464 1331 aldaar
495 1310 593 1332 eenen
626 1301 693 1332 kuil
718 1311 836 1342 graven
863 1311 901 1332 en
927 1302 1000 1341 mijn
1027 1301 1151 1332 zwaard
1176 1302 1220 1340 (in
1248 1302 1319 1341 mijn

103 1356 271 1396 lige-haam)
315 1356 498 1397 verbergen,
543 1367 625 1388 waar
664 1367 734 1388 men
772 1357 825 1388 het
861 1358 926 1388 niet
961 1358 1030 1388 zien
1067 1356 1183 1394 zal''³).
1219 1356 1321 1398 Magis

103 1412 197 1443 laudo
240 1422 302 1451 eos,
345 1414 401 1454 qui
444 1413 536 1450 γκίκς
580 1414 716 1455 pendere
761 1424 801 1445 ex
837 1413 901 1444 ἔνθκ
937 1417 1048 1454 putant
1063 1413 1084 1451 ⁴)
1121 1417 1151 1445 et
1187 1423 1322 1454 sequen-

103 1469 174 1499 dam
199 1479 268 1500 esse
292 1469 428 1500 arbitror
452 1470 558 1501 Jebbii
584 1471 891 1511 interpretationem:
921 1470 1025 1510 „Then
1052 1470 1067 1500 Ι
1092 1470 1154 1500 will
1177 1470 1250 1501 seek
1265 1473 1320 1501 out

103 1535 190 1556 some
215 1526 393 1557 untrodden
420 1530 498 1567 spot,
522 1527 584 1557 and
609 1527 691 1566 bury
716 1528 778 1558 this
799 1527 913 1567 sword,
926 1527 1105 1558 hatefullest
1119 1527 1152 1557 of
1163 1536 1325 1568 weapons»

104 1581 235 1622 digging
259 1583 291 1612 in
316 1583 369 1613 the
392 1583 479 1613 earth
505 1583 609 1614 where
634 1593 716 1613 none
740 1583 819 1613 shall
845 1582 926 1614 see“.

150 1637 262 1679 Neque
297 1638 377 1669 facio
413 1649 485 1669 cum
525 1639 633 1670 Geelio
672 1649 798 1670 versum
834 1642 1020 1679 sequentem
1054 1638 1131 1669 ἀλλ’
1164 1639 1237 1669 xiva>
1271 1637 1322 1674 νὺξ

106 1693 214 1730 ’Άιδκς
238 1706 269 1725 τε
295 1694 441 1734 σῳζόντων
465 1695 546 1726 κάτω
572 1697 706 1726 eicienti.
732 1695 832 1727 Cuius
854 1697 899 1726 rei
921 1696 979 1726 hoc
999 1699 1223 1736 argumentum
1238 1696 1322 1726 iusto

106 1750 265 1782 infirmius
300 1752 422 1782 attulit:
455 1753 556 1792 „Ajax
582 1752 642 1782 kan
669 1753 719 1783 die
744 1752 891 1782 woorden
916 1761 988 1783 zeer
1011 1752 1091 1793 goed
1117 1753 1322 1792 verzwijgen3

105 1808 164 1847 zijn
197 1808 304 1839 afkeer
337 1818 396 1838 van
430 1809 483 1839 het
507 1809 660 1840 heillooze
684 1809 808 1839 zwaard
833 1809 894 1839 kan
919 1808 996 1839 zelfs
1021 1810 1086 1839 niet
1110 1809 1246 1839 toelaten
1272 1808 1323 1838 dat

105 1864 158 1894 het
194 1864 227 1894 in
259 1865 297 1895 de
330 1865 547 1896 onderwereld
581 1865 726 1896 bewaard
753 1864 861 1905 bliJ've3
888 1868 972 1895 want
996 1864 1041 1895 dit
1066 1865 1092 1895 is
1117 1865 1155 1895 de
1180 1865 1241 1903 zin‚
1265 1864 1323 1895 hoe

105 1920 188 1950 ruim
214 1929 286 1951 men
312 1919 453 1959 σώζεσθκι
479 1920 539 1951 001(
565 1920 734 1961 uitlegge”.
760 1920 823 1951 Cur
847 1921 918 1951 talis
944 1924 990 1951 est
1015 1920 1185 1961 fingendus
1213 1921 1321 1951 Aiacis

105 1978 242 2016 animus,
277 1980 313 2007 111
349 1987 461 2008 versus
497 1978 537 2008 sit
569 1977 757 2008 eiciendus?
791 1976 875 2014 Quid
901 1977 1014 2016 obstat,
1037 1978 1210 2017 quominus
1235 1978 1320 2007 Aiax

106 2033 137 2064 id
174 2033 212 2064 de
242 2034 346 2074 gladio
379 2043 485 2065 secum
512 2044 575 2065 una
598 2034 763 2065 condendo
789 2034 895 2064 dieat?
922 2033 976 2064 Vs.
1002 2034 1063 2064 577
1089 2035 1151 2064 iam
1178 2034 1320 2064 dixerat:

143 2211 167 2241 1)
186 2211 270 2234 Etiam
290 2211 381 2235 Nauck
403 2212 429 2234 in
452 2211 538 2235 Aiacis
557 2211 722 2241 Appendices·
740 2218 801 2234 cum
822 2210 913 2234 Bothio
934 2211 1003 2234 feeit.

141 2250 168 2279 2)
189 2250 259 2274 Idem
277 2250 402 2274 dixerunt
424 2250 513 2274 Nauck
533 2253 559 2273 et
578 2250 650 2274 Jebb.

142 2289 169 2320 3)
188 2290 222 2313 1.1.
242 2297 265 2320 p.
284 2289 340 2313 203.

142 2328 168 2358 4)
188 2329 261 2353 Inter
279 2336 344 2359 quos
362 2330 442 2353 affero
463 2328 691 2359 Bellermannum,
708 2328 867 2358 Nauekium,
885 2329 1015 2353 Jebbium.
