1673 2768
712 302 751 331 27

121 396 315 433 postremum
353 394 432 423 illud
469 394 571 434 Caput
604 394 858 424 Memorabilium
885 405 902 424 a
927 394 1140 435 Xenophonte
1165 395 1337 435 profectum

120 451 168 480 sit.
194 450 338 481 Fortasse
362 451 518 490 Apologia
542 451 611 491 ipsa
637 451 715 481 nihil
741 455 787 481 est
812 452 872 481 nisi
902 452 1050 481 ultimum
1073 452 1231 492 quoddam
1246 456 1340 491 caput

122 506 399 537 Memorabilium⁷’
417 505 446 544 ¹).

165 562 370 602 Valckenaer,
404 563 586 603 Schneider,
610 564 662 594 alii
688 564 875 604 Apologiam
903 564 1111 604 Xenophonti
1136 564 1337 594 abiudicave-

121 622 208 657 rant;
243 620 334 650 multi
367 620 421 649 alii
458 621 719 650 existimaverant
744 620 931 661 Apologiam
958 622 1086 661 petitam
1113 630 1182 651 esse
1206 630 1245 651 ex
1270 631 1338 660 pos-

121 678 220 706 tremo
245 677 347 716 capite
372 675 640 706 Memorabilium.

165 731 280 762 Contra
306 732 381 763 Geel
407 733 438 762 in
465 733 521 762 hac
546 734 821 771 commentatione,
845 743 927 773 quae
953 734 992 763 30
1018 733 1082 764 fere
1107 734 1238 773 paginas
1265 743 1338 763 con-

120 789 208 827 tinet,
236 788 496 819 Bornemannum
522 790 682 829 sequitur,
707 790 761 830 qui
788 790 977 831 Apologiam
1004 789 1211 830 Xenophonti
1237 790 1339 820 vindi-

120 848 254 875 caverat.

164 901 217 940 Iis,
250 902 305 941 qui
330 901 582 942 Xenophonteae
606 902 781 942 Apologiae
806 903 1025 933 auctoritatem
1052 905 1227 941 tuerentur,
1252 912 1340 943 prae-

121 958 229 988 sertim
265 957 394 988 Memor.
428 959 446 988 1.
472 958 517 988 IV
543 968 567 989 c.
593 960 612 988 4
637 959 764 989 initium
792 959 1053 990 molestissimum
1080 969 1149 990 esse
1171 959 1340 990 intellexit.

121 1014 187 1044 Iam
225 1015 504 1055 circumspexerat,
537 1015 696 1055 quomodo
728 1019 924 1056 argumenta,
950 1025 1032 1056 quae
1057 1016 1124 1056 ipse
1147 1015 1340 1046 admovisset

121 1071 159 1101 ad
182 1071 405 1102 vindicandam
420 1071 645 1112 Xenophontis
659 1072 857 1112 Apologiam,
871 1072 1042 1103 refelleret:
1061 1073 1199 1113 „quippe
1213 1073 1297 1102 hanc
1311 1075 1340 1103 et

122 1128 278 1168 descripta
303 1137 319 1158 e
348 1127 379 1158 M
393 1138 409 1158 e
425 1138 452 1158 m
469 1138 485 1158 ο
500 1139 514 1158 r
527 1139 544 1158 a
558 1128 576 1158 b
590 1129 599 1158 i
614 1129 622 1158 l
638 1130 647 1158 i
662 1128 680 1158 b
695 1139 715 1159 u
729 1139 743 1159 s
769 1128 864 1159 verba
887 1128 926 1159 ab
952 1138 1016 1159 uno
1042 1129 1218 1169 eodemque
1243 1130 1340 1169 scrip-

121 1187 188 1215 tore
221 1184 376 1224 proficisci
410 1195 473 1215 non
500 1184 662 1225 potuisse''
679 1183 710 1223 2).
735 1185 813 1215 Eam
841 1195 915 1216 vero
940 1188 1059 1226 partem
1086 1185 1339 1216 Memorabilium

121 1241 149 1279 (l.
164 1240 210 1270 IV
224 1250 248 1271 c.
262 1242 282 1270 4
296 1241 314 1280 ξ
331 1242 425 1279 1—4)
447 1242 680 1282 interpolatoris
701 1251 770 1273 esse
784 1242 1001 1273 demonstrare
1015 1245 1149 1272 conatur
1164 1240 1194 1280 3).
1208 1241 1342 1272 Remota

121 1297 180 1327 hac
212 1297 397 1328 difficultate
426 1298 589 1328 contendit
616 1301 831 1338 „postremum
870 1298 931 1328 Me
945 1308 973 1328 m
989 1308 1006 1328 o
1020 1308 1065 1328 ra
1079 1298 1119 1328 bi
1135 1299 1166 1328 li
1182 1309 1201 1328 u
1217 1309 1245 1329 m
1283 1298 1339 1329 Ca-

121 1356 179 1394 put
214 1354 474 1394 Apologiae
509 1354 696 1395 fragmentis
721 1355 978 1395 conglutinatum
1005 1354 1140 1391 esse''⁴).

167 1410 344 1451 Utriusque
387 1412 584 1452 argumentis
621 1410 758 1442 breviter
794 1413 964 1442 contractis
1000 1414 1159 1452 comparat
1195 1411 1338 1452 singulas

121 1469 225 1507 partes
270 1467 435 1498 nonnullis
478 1468 555 1498 locis
599 1471 653 1498 aut
697 1468 735 1498 ab
772 1468 841 1499 aliis
876 1471 931 1498 aut
966 1478 983 1498 a
1018 1477 1052 1498 se
1088 1469 1157 1508 ipso
1193 1468 1339 1499 emenda-

122 1526 185 1558 tas;
222 1524 313 1564 plura
350 1524 493 1555 eicienda
530 1534 598 1555 esse
634 1525 805 1563 concludit,
841 1534 935 1565 quam
970 1526 1127 1555 eiecerant
1151 1523 1289 1554 Dindorf
1310 1527 1340 1555 et

121 1580 311 1620 Borneman,
347 1591 418 1611 nam
456 1590 561 1621 neque
596 1582 723 1612 initium
761 1591 825 1622 cap.
852 1582 870 1611 8
902 1590 1007 1621 neque
1027 1581 1122 1612 finem
1144 1580 1338 1621 Xenophon-

121 1640 207 1667 teum
241 1646 310 1668 esse
342 1647 442 1677 posse.
476 1637 522 1668 De
553 1638 644 1668 initio
670 1641 700 1668 et
724 1638 794 1668 aliis
818 1638 932 1668 nititur
955 1638 1081 1668 indiciis
1107 1640 1137 1668 et
1161 1639 1200 1668 iis
1226 1637 1339 1677 verbis,

122 1703 203 1734 quae
228 1697 320 1724 sunt:
346 1693 463 1731 λυοὶγκη
489 1694 543 1730 μὲν
568 1693 626 1732 ya'cp
651 1694 764 1731 ἐγένετο
790 1694 869 1732 xivg}
895 1694 976 1731 μετὰ
1001 1693 1053 1728 τὴν
1074 1693 1163 1732 κρίσιν
1184 1693 1339 1732 τριάκοντκ

122 1749 232 1789 ἡμέραις
257 1750 358 1788 [Statim
384 1750 433 1780 διαὶ
459 1750 491 1781 τὸ
518 1751 618 1786 Δήλιοι
643 1751 696 1788 μὲν
721 1750 828 1781 ἐκείνου
853 1753 902 1781 τοῦ
927 1751 1016 1788 μηνὸς
1036 1748 1119 1783 sium.
1142 1751 1191 1781 τὸν
1212 1751 1242 1781 δὲ
1256 1750 1339 1788 νόμον

123 1806 235 1844 μηδένα,
260 1807 309 1837 §.iv
334 1807 462 1847 δημοσίᾳ
483 1807 685 1845 ἀποθνῄσκειν,
709 1806 759 1842 ἕως
779 1806 814 1837 Bw
828 1808 843 1843 ἡ
858 1807 957 1845 θεωρίκ
971 1807 1003 1837 ἐκ
1019 1808 1119 1842 Δήλου
1133 1807 1280 1845 ἐπκνέ),ύῃ
1295 1806 1337 1846 5);

123 1863 161 1894 de
205 1863 324 1904 quibus
365 1864 441 1895 haec
476 1864 602 1894 scribit:
643 1865 724 1903 „nisi
760 1874 847 1894 nunc
883 1864 1045 1895 indoctum
1082 1864 1338 1905 interpolatorem

122 1920 367 1960 deprehendero,
398 1921 497 1951 totius
528 1922 639 1961 capitis
672 1930 727 1961 per
759 1930 808 1952 me
832 1921 906 1951 licet
929 1920 1108 1961 Xenophon
1134 1924 1244 1951 auctor
1268 1921 1340 1959 sit‘',

123 1977 240 2017 quippe
277 1977 396 2016 „nimia
431 1976 531 2008 fuisse
566 1977 691 2017 fiducia.
728 1980 886 2018 quotquot
922 1978 981 2008 hoc
1012 1978 1081 2008 loco
1116 1979 1165 2008 usi
1196 1978 1282 2015 s(i)nt
1306 1978 1338 2008 in

156 2088 182 2118 1)
201 2088 315 2112 Historia
343 2088 438 2113 Classis
457 2088 560 2112 Tertiae
585 2088 706 2112 instituti
733 2089 797 2119 regii
819 2088 923 2119 Belgici,
941 2096 962 2113 u.
982 2088 1047 2111 1830
1066 2096 1090 2119 p.
1110 2088 1194 2113 XXIX
1213 2091 1238 2112 ct
1258 2089 1340 2112 XXX.

155 2128 182 2159 2)
201 2128 235 2152 Ι.1.
254 2136 277 2159 p.
296 2127 320 2151 9.

155 2167 181 2198 3)
200 2168 241 2192 W.
266 2167 366 2191 Gnlbert
393 2175 507 2198 quoque,
535 2168 580 2198 qui
609 2167 752 2190 editionem
771 2167 982 2191 Tenbnerianani
1002 2168 1212 2191 Memorabilium
1232 2175 1254 2191 a.
1278 2167 1334 2191 1891

123 2208 283 2238 recognovit,
308 2215 351 2231 eas
373 2210 501 2238 quattuor
521 2207 696 2238 paragraphus
716 2207 791 2230 uncis
812 2207 927 2230 inclusit.
946 2207 1047 2235 Quibus
1065 2209 1153 2230 autem
1173 2207 1340 2238 argumentis

124 2250 260 2276 permotus
277 2247 316 2270 vel
335 2254 386 2277 quo
405 2250 512 2270 auctore
534 2247 580 2270 hoe
601 2247 701 2275 fecerit,
721 2247 817 2270 nescio.

158 2285 184 2315 4)
204 2286 229 2309 ll
257 2294 279 2316 p.
298 2286 337 2309 12.

157 2325 184 2353 5)
203 2325 310 2349 Memor.
330 2326 345 2349 l.
365 2325 406 2349 IV.
425 2334 437 2349 c
465 2325 479 2346 S
498 2326 509 2356 ξ
526 2325 549 2349 ⁸2.
