1673 2768
724 296 742 325 5

117 387 292 418 Traiectina
328 387 403 417 haec
439 388 582 427 quaestio
615 389 775 428 proposita
810 392 894 418 erat:
923 388 1173 428 „Sophistarum,
1199 391 1253 429 qui
1279 390 1335 420 So-

119 444 213 474 cratis
245 445 345 473 aetate
376 443 513 474 Athenis
537 443 725 483 floruerunt,
750 445 859 474 critica
883 454 954 474 cum
982 444 1145 484 diligentia
1170 445 1336 476 tradantur

119 500 184 530 vita
217 502 247 530 et
278 508 328 530 res
360 502 476 539 gestae,
510 500 634 530 dicendi
668 500 866 540 docendique
890 501 978 539 ratio,
1003 504 1069 530 tum
1095 501 1209 541 placita
1232 503 1336 542 etiam,

119 565 199 596 quae
223 556 255 586 in
282 559 424 586 veterum
450 557 584 596 scriptis,
610 557 748 587 maxime
773 556 1017 596 Socraticorum,
1043 560 1267 588 memorantur.

162 611 287 648 Quibus
319 613 377 643 rite
410 614 572 653 expositis,
598 613 753 643 efficiatur
777 613 913 652 tandem,
938 613 1015 653 quid
1042 614 1079 644 de
1104 623 1212 644 eorum
1240 615 1335 644 mori-

119 667 187 707 bus,
212 668 404 708 eloquentia,
429 669 628 709 philosophia
653 669 858 709 probabiliter
883 669 1134 700 existimandum
1160 669 1232 700 sit’'.

161 724 261 754 Geelii
298 724 463 763 diatriben,
501 726 576 765 quia
610 725 689 756 duas
723 726 920 765 quaestionis
946 729 1050 766 partes
1075 727 1107 756 in
1133 736 1233 756 unum
1258 736 1332 757 con-

114 780 267 811 fundebat
283 779 314 819 ¹),
346 791 409 811 non
442 782 553 821 primis
583 782 712 821 quidem
738 782 914 812 honoribus
931 780 953 820 2)
978 783 1161 822 ornandam,
1186 783 1240 814 sed
1265 784 1333 814 suis

115 836 302 876 sumptibus
321 837 475 867 edendam
502 847 572 868 esse
596 837 737 868 Societas
764 838 925 868 iudicavit.

157 892 290 924 Traiecti
322 893 361 924 ad
386 893 533 924 Rhenum
559 894 644 934 apud
667 894 696 924 J.
721 894 852 925 Altheer
877 905 902 925 a.
929 895 1013 924 1823
1042 894 1201 933 „Historia
1225 896 1332 926 critica

114 949 344 989 Sophistarum,
381 951 435 990 qui
472 950 610 980 Socratis
647 953 748 981 aetate
779 951 914 981 Athenis
947 950 1145 982 floruerunt'⁷
1170 952 1202 981 in
1228 952 1331 983 lucem

114 1006 230 1036 emissa
254 1009 310 1036 est.

157 1062 282 1092 Titulus
307 1061 379 1092 libri
405 1062 542 1093 ostendit
568 1062 625 1092 hoc
650 1072 734 1093 anno
759 1062 904 1093 Geelium
930 1063 991 1093 iam
1016 1063 1116 1094 fuisse
1137 1063 1332 1105 Bibl.Lugd.

116 1118 183 1149 Bat.
216 1117 355 1149 Secundi
385 1118 515 1149 Ordinis
540 1118 738 1149 Praefectum
755 1118 785 1157 ³).
810 1119 985 1158 („Hist0ria
1010 1119 1165 1159 Critica⁷'),
1189 1121 1232 1151 ita
1256 1121 1331 1161 legi-

116 1184 187 1205 mus
212 1175 244 1205 in
270 1174 472 1215 praefatione,
500 1178 715 1215 „quantopere
737 1185 786 1206 me
806 1177 994 1215 exercuerit,
1015 1185 1072 1216 ego
1086 1177 1161 1216 scio,
1175 1180 1330 1217 quantum

114 1231 216 1262 bonae
251 1231 353 1272 frugis
389 1231 506 1270 afferat,
541 1232 574 1261 in
611 1232 723 1262 mediis
759 1231 929 1271 erroribus,
964 1232 1004 1262 ab
1040 1235 1168 1263 auctore
1201 1233 1328 1273 quidem

113 1287 322 1328 praestandis,
355 1287 411 1318 sed
442 1288 475 1317 in
501 1289 615 1328 quavis
641 1292 726 1318 certo
751 1288 946 1328 definitoque
972 1291 1112 1328 tempore
1136 1289 1329 1320 absolvenda

112 1353 148 1374 ac
182 1344 247 1375 fere
282 1344 493 1374 tumultuaria
530 1345 702 1384 scriptione
738 1345 793 1374 vix
829 1344 1003 1382 evitandis,
1042 1345 1137 1375 huius
1173 1355 1247 1376 vero
1283 1347 1329 1377 rei

113 1400 246 1431 aliorum
279 1401 439 1440 judicium
476 1400 547 1431 sit'’.
578 1400 759 1441 Disputatio
784 1401 953 1431 distributa
978 1404 1025 1432 est
1048 1401 1081 1431 in
1105 1405 1169 1432 tres
1197 1403 1327 1441 „sectio-

112 1456 200 1496 nes‘’‚
238 1467 373 1498 quarum
409 1458 509 1497 prima
542 1457 647 1497 agitur
675 1457 733 1496 „de
757 1457 909 1497 fontibus,
934 1467 950 1488 e
975 1457 1093 1498 quibus
1118 1458 1248 1489 historia
1272 1458 1328 1489 So-

111 1514 289 1555 phistarum
326 1513 462 1554 petenda
498 1513 567 1544 est'’
602 1517 632 1544 et
663 1514 847 1554 inquiritur,
884 1514 960 1554 „qui
984 1513 1122 1545 Socratis
1146 1517 1246 1546 aetate
1273 1515 1329 1545 So-

113 1571 234 1611 phistae
261 1569 418 1609 fuerint'';
453 1571 485 1600 in
511 1570 653 1601 secunda
677 1569 751 1601 Geel
778 1570 905 1601 disserit
929 1570 967 1601 de
992 1570 1108 1611 Gorgia
1132 1581 1158 1611 p.
1190 1572 1330 1611 13—67,

113 1627 150 1658 de
185 1626 360 1668 Protagora
395 1637 424 1667 p.
458 1626 620 1666 68—120,
653 1626 691 1657 de
723 1626 858 1657 Prodico
895 1637 923 1667 p.
958 1627 1141 1667 121—163,
1177 1627 1215 1658 de
1250 1627 1327 1659 Polo

146 1756 170 1787 1)
189 1756 226 1780 Cf.
247 1756 330 1779 Praei.
351 1763 374 1786 p.
393 1755 406 1779 1
431 1758 456 1779 et
475 1754 499 1779 -2,

143 1795 170 1825 ⁶2)
189 1795 226 1819 Cf.
245 1795 370 1825 diarium,
388 1795 431 1818 cui
452 1802 548 1818 nomen
570 1795 641 1826 7,ΑΙτῠη
663 1794 756 1818 Konst-
774 1802 806 1818 en
818 1794 1024 1818 Letterhode'':1.
1036 1793 1107 1825 1824,
1119 1796 1225 1825 part.11,
1236 1803 1259 1826 p.
1271 1794 1327 1819 104.

112 1835 200 1859 Minus
227 1837 297 1859 reete
325 1835 407 1865 igitur
434 1836 578 1858 annotatur
598 1835 624 1857 in
645 1834 772 1865 „Brieven
793 1841 842 1857 van
862 1834 941 1858 Cobet
960 1841 1008 1857 aen
1029 1834 1106 1858 Geel‘'
1126 1842 1149 1864 p.
1168 1834 1229 1858 209:
1249 1834 1326 1866 „Geel

110 1877 167 1906 zegt
197 1882 246 1898 van
273 1874 323 1905 zijn
353 1874 428 1905 eigen
454 1874 589 1897 antwoord
614 1881 647 1904 op
665 1874 697 1897 de
717 1873 891 1897 Utrechtsche
911 1874 1063 1905 prijsvraag,
1082 1874 1197 1897 hetwelk
1217 1874 1243 1897 in
1262 1873 1324 1897 ‘1821

111 1922 136 1937 m
147 1921 160 1937 e
171 1917 181 1937 t
208 1921 222 1944 g
233 1921 247 1937 ο
260 1922 275 1937 u
285 1914 301 1936 d
332 1913 401 1937 werd
420 1913 568 1937 bekroond.
580 1931 585 1937 .
597 1931 602 1936 .
614 1913 648 1936 .⁷‘.

143 1952 171 1981 3)
190 1952 378 1977 Geschiedenis
404 1953 451 1975 der
478 1952 604 1976 Leidsche
633 1952 810 1983 Hoogeschool
838 1959 887 1975 van
907 1952 970 1975 hare
988 1952 1137 1983 oprichting
1158 1953 1184 1976 in
1204 1953 1254 1976 den
1270 1952 1326 1983 jare

112 1992 176 2016 1575
204 1995 241 2016 tot
268 1992 313 2016 het
337 1992 394 2023 jaar
418 1991 483 2016 1825
501 1992 564 2015 door
582 1991 700 2023 Matthijs
721 1991 892 2022 Siegenbeek,
911 1992 1045 2022 (Lugduni
1066 1992 1121 2015 Bat.
1140 1992 1208 2022 apud
1229 1992 1327 2015 Lucht-

113 2039 187 2056 mans
205 2040 228 2056 a.
246 2031 322 2062 1839.)
342 2032 396 2056 Vol.
416 2031 438 2055 11
458 2039 481 2062 p.
500 2031 542 2054 Οὓς
566 2031 647 2062 „Kort
666 2038 698 2054 na
716 2030 748 2054 20
768 2031 935 2062 Wijmnaaud
955 2030 1020 2053 1822
1036 2031 1163 2062 verkreeg
1174 2038 1223 2054 van
1235 2031 1328 2055 Voorst

111 2071 168 2095 een'
188 2071 296 2102 kundig'
315 2079 347 2095 en
367 2071 466 2102 ijverig'
486 2071 656 2101 medehelper
674 2071 699 2094 in
721 2070 771 2101 zijn
791 2070 937 2101 belangrijk
959 2070 1028 2093 werk
1049 2070 1074 2093 in
1095 2070 1327 2094 denfleerLGeel

112 2111 158 2135 Ph.
176 2111 222 2135 Th.
241 2111 366 2142 Magister
394 2113 420 2134 et
447 2111 509 2134 Litt.
528 2110 608 2134 Huni.
627 2111 729 2137 Doctor,
748 2110 781 2141 bij
802 2109 952 2140 koninklijk
971 2110 1067 2133 hesluit
1087 2112 1124 2133 tot
1144 2110 1264 2133 tweeden
1285 2110 1327 2133 Bi-

110 2150 277 2174 bliothecaris
295 2150 456 2181 aaugesteld,
476 2158 508 2174 en
529 2150 595 2174 later
615 2152 667 2173 met
680 2150 731 2173 deu
742 2150 799 2173 titel
812 2157 860 2173 vau
873 2149 1007 2173 Professor
1019 2149 1179 2172 Honorarius
1192 2149 1326 2173 vereerd''.

144 2190 259 2215 Wolters
285 2190 312 2213 in
340 2190 424 2213 Praei.
452 2190 521 2218 libri,
548 2190 593 2220 qui
623 2189 778 2213 inscribitur
797 2188 965 2220 „Onderzoek
986 2196 1018 2212 en
1039 2188 1220 2218 Pha11tasie“⁵‚
1241 2196 1264 2219 p.
1282 2189 1325 2216 lx,

110 2230 229 2260 scripsit:
257 2228 333 2260 „1821
364 2229 449 2253 kende
477 2229 508 2253 de
527 2229 624 2252 Sennat
642 2229 689 2252 der
709 2228 834 2252 Leidsclie
855 2228 1031 2259 lloogeschool
1050 2235 1097 2251 nan
1117 2227 1179 2251 Geel
1200 2236 1232 2258 op
1252 2235 1326 2251 voor-

112 2269 203 2293 dracht
234 2276 282 2292 van
309 2269 340 2292 de
369 2269 545 2292 Literarische
576 2269 704 2292 Faculteit
733 2269 777 2291 hel
803 2268 937 2291 doeioraat
965 2268 992 2291 in
1019 2268 1049 2291 ile
1077 2267 1200 2291 Lettereu
1221 2268 1328 2291 honoris

114 2315 192 2333 causa
211 2308 278 2332 toe'’.
