1673 2768
859 282 920 311 124

281 372 409 403 affertur
425 372 463 414 ¹),
484 373 545 403 iam
571 375 673 404 tacere
697 373 778 411 licet,
803 373 857 403 sed
883 373 921 403 de
944 372 1062 403 Klotzii
1086 375 1116 403 et
1141 372 1316 404 Hermanni
1341 376 1373 404 in
1398 374 1492 405 Valc-

281 429 464 460 kenaerium
490 429 631 460 moribus
655 429 810 459 nonnulla
834 429 966 460 dicenda
989 432 1075 459 sunt.

326 485 427 525 Klotz,
463 487 518 526 qui
554 495 593 516 ex
625 484 805 527 Kayseri2)
838 488 868 516 et
893 483 1050 526 Gloeliiss)
1076 486 1240 517 sententiis
1265 496 1328 517 non
1355 488 1491 518 multum

280 542 399 582 profuit
429 541 586 582 Euripidi,
618 543 651 572 in
677 541 923 572 Phoenissarum
950 551 1079 582 quoque
1103 546 1193 573 textu
1218 543 1366 574 omnibus
1392 544 1492 575 modis

281 598 476 629 defendendo
502 598 646 628 nonnihil
671 608 688 628 a
712 597 940 628 Valckenaerio
962 598 1126 638 discrepat,
1139 603 1285 638 attamen,
1298 610 1492 641 quamquam

280 664 359 694 raro,
382 656 576 686 reverentiae
601 654 829 685 Valckenaerio
854 654 976 685 debitae
1001 654 1206 685 obliviscitur.
1232 654 1334 692 Quam
1355 655 1394 686 ob
1419 666 1491 686 cau-

280 721 346 742 sam
373 711 446 742 Geel
472 721 544 742 eum
570 711 729 741 interdum
755 710 907 741 auricuiis
932 711 1113 750 prehendit:
1142 712 1235 742 cuius
1256 712 1300 742 rei
1314 712 1389 743 haec
1403 717 1491 753 quat-

279 771 352 798 tuor
376 768 520 808 exempla
545 767 662 797 iudicio
688 766 787 797 Geelii
811 766 917 797 addito
942 766 1078 797 afferam.

324 823 379 854 Vs.
414 824 454 854 86
494 823 763 862 „Valckenaerius
798 822 951 853 suadebat
986 824 1100 864 corrigi
1131 828 1205 862 χρῆν
1229 827 1259 855 et
1283 824 1392 863 βρετῶν
1417 823 1492 866 (pro

281 880 338 918 mvi
375 884 404 910 et
440 879 568 921 βρετόν),
603 889 766 920 perperam
799 889 875 910 sane
899 882 1081 920 utrumque,
1106 880 1161 911 sed
1184 890 1248 911 non
1274 882 1493 922 scripsit,

280 939 314 966 ut
349 940 455 967 narrat
490 936 647 976 Klotzius,
686 937 764 966 miro
801 945 906 967 errore
941 936 991 966 hic
1024 940 1054 967 et
1085 937 1161 967 alias
1187 938 1214 967 ei
1238 937 1382 969 tribuens
1407 939 1491 979 quod

279 1002 342 1023 non
379 994 595 1028 commiserat;
633 992 881 1023 Valckenaerius
915 993 1077 1024 rarissime
1108 993 1140 1023 in
1165 996 1290 1024 textum
1314 995 1492 1036 recipiebat,

279 1051 364 1091 quod
390 1061 451 1081 non
478 1050 605 1081 haberet
629 1050 769 1091 aliquam
794 1051 973 1081 traditionis
1000 1051 1250 1082 auctoritatem''.

323 1107 377 1138 Vs.
403 1107 482 1137 630:
511 1106 591 1146 „Hic
615 1106 740 1138 Klotzio
755 1117 884 1148 quoque
898 1108 1012 1138 accidit
1026 1111 1061 1138 ut
1073 1111 1216 1139 narraret
1227 1108 1492 1139 Valckenaerium

281 1166 524 1204 „pronuntiasse
581 1164 667 1195 hunc
699 1174 826 1195 versum
851 1164 1059 1195 subditicium
1083 1174 1161 1195 esse.
1187 1165 1362 1205 Scripserat
1385 1168 1492 1196 autem

278 1221 328 1251 hic
363 1222 395 1251 in
431 1220 493 1251 fine
524 1224 618 1252 notae
650 1221 688 1251 ad
714 1221 774 1251 h.l.
801 1220 945 1260 „Eruditi
970 1221 1094 1252 lectoris
1119 1222 1203 1262 optio
1227 1223 1278 1262 sit,
1303 1221 1492 1262 Euripidine

278 1286 390 1307 versus
425 1277 548 1308 inutilis
583 1278 623 1308 sit
658 1277 890 1317 attribuendus,
921 1287 961 1308 an
987 1278 1220 1318 interpolatori3
1246 1279 1272 1309 si
1298 1278 1375 1308 mihi
1399 1278 1492 1309 datur

277 1332 375 1364 libera
400 1334 494 1374 optio,
518 1335 676 1374 posterius
700 1333 879 1375 elegerim'⁷.
903 1334 1015 1365 Eidem
1031 1334 1155 1365 videtur
1168 1334 1367 1366 Valckenaer
1382 1335 1492 1374 „nulla

277 1389 390 1420 idonea
417 1400 513 1421 causa
538 1390 664 1421 motus⁷'
688 1391 773 1421 hunc
799 1400 925 1422 versum
951 1391 1178 1432 improbasse'’.
1204 1390 1273 1428 Qua
1296 1391 1334 1422 de
1358 1401 1392 1422 re
1416 1391 1492 1422 Geel

526 1163 545 1176 Η

277 1451 446 1487 postquam
478 1448 639 1487 copiosius
664 1448 821 1488 exposuit,
846 1448 904 1478 hoc
928 1448 1063 1488 colligit:
1092 1449 1138 1487 „si
1164 1449 1289 1489 scripsit
1313 1449 1399 1478 hunc
1424 1458 1491 1479 ver-

277 1512 349 1533 sum
383 1502 562 1544 Euripides,
595 1504 672 1544 quid
704 1504 807 1534 obstat
832 1504 1004 1544 quominus
1028 1504 1299 1545 reprehendamus
1324 1504 1409 1545 quod
1434 1505 1490 1535 im—

279 1560 429 1600 prudenti
454 1560 619 1590 excidit?”

322 1616 376 1648 Vs.
423 1617 523 1647 1238:
566 1616 719 1658 „Miratur
754 1616 901 1648 Klotzius
937 1618 1097 1648 neminem
1135 1617 1400 1648 Valckenaerium
1439 1618 1490 1659 „in

277 1674 360 1704 viam
396 1673 594 1705 reduxisse''.
633 1674 747 1715 Itaque
780 1674 1043 1706 Valckenaerium
1068 1676 1100 1705 in
1125 1675 1209 1705 viam
1234 1676 1400 1715 reducens,
1423 1676 1491 1716 ipse

277 1740 341 1760 non
366 1731 434 1761 sine
459 1730 576 1771 duplici
602 1740 702 1772 eaque
724 1732 814 1772 gravi
838 1731 928 1772 pedis
951 1731 1125 1763 offensione
1144 1732 1278 1763 incedit:
1299 1731 1393 1763 finxit
1406 1733 1490 1763 enim

277 1786 411 1818 verbum
437 1787 638 1826 ἐπιρροθεῑσθκι
663 1789 766 1818 activa
790 1790 952 1829 potestate,
976 1792 1007 1819 et
1031 1798 1110 1820 usus
1134 1791 1182 1820 est
1204 1788 1398 1828 Thucydidis
1423 1798 1491 1820 ver-

309 1942 336 1973 1)
356 1942 506 1973 „Lubenter
533 1943 589 1966 dico
617 1942 784 1972 (Firnhaberi
803 1942 900 1966 librum
918 1942 950 1966 de
970 1942 1089 1966 versibus
1108 1942 1241 1973 Euripidis
1259 1942 1345 1966 dubiis
1364 1943 1490 1966 Phoenis-

276 1989 366 2005 sarum
384 1984 409 2005 et
428 1982 545 2012 Medeae)
558 1983 622 2006 inihi
634 1982 779 2014 prudenter
790 1982 872 2005 videri
883 1984 907 2005 et
919 1981 1051 2005 moderate
1062 1982 1191 2012 scriptum
1202 1982 1395 2012 esse'‘((:01nm.
1406 1990 1430 2013 p.
1439 1981 1491 2013 80).

309 2020 335 2051 2>
356 2021 449 2052 „Sonst
475 2023 508 2045 ist
537 2023 580 2046 fiir
606 2022 647 2046 die
676 2022 868 2053 verbesserung
895 2022 940 2045 des
967 2023 1051 2045 textes
1077 2021 1234 2052 (Euripidis)
1260 2023 1287 2045 iu
1315 2022 1365 2045 deu
1393 2022 1490 2045 letzten

274 2061 369 2091 jahren
395 2062 478 2092 wenig
504 2062 661 2092 geschehen.
680 2062 747 2085 Herr
766 2061 839 2085 Klotz
858 2061 958 2085 verhiilt
977 2061 1033 2084 sich
1052 2061 1138 2091 ruhig,
1158 2061 1211 2085 und
1230 2061 1276 2084 das
1294 2061 1327 2084 ist
1347 2061 1408 2085 sehr
1427 2061 1490 2092 gns*

277 2100 374 2132 (diarii,
400 2101 442 2124 cui
471 2109 565 2124 nomen
586 2100 777 2132 „Philologus”⁷
796 2108 818 2125 a.
837 2099 901 2124 1847
922 2108 944 2131 p.
962 2100 1030 2130 507).
1050 2100 1215 2128 Quibuscum
1234 2101 1402 2124 consentiunt
1422 2108 1490 2131 quae

278 2140 398 2163 Meineke
426 2141 448 2164 d.
476 2140 508 2163 12
534 2141 642 2164 in.1un.
659 2148 681 2164 a.
701 2139 765 2164 1847
784 2139 873 2163 Geelio
892 2140 997 2170 scripsit
1017 2140 1141 2170 (epistula
1162 2142 1202 2163 est
1222 2141 1247 2163 in
1267 2140 1405 2163 Tabulario
1426 2140 1490 2164 Bibl.

277 2179 437 2209 Leidensis):
467 2180 555 2210 „Klotz
582 2180 625 2203 hat
654 2180 695 2203 die
722 2180 799 2209 Ehre,
825 2187 874 2203 von
893 2179 976 2203 Ihnen
999 2179 1206 2210 berficksichtigt
1224 2187 1254 2203 zu
1276 2180 1390 2208 werden,
1409 2180 1489 2203 kaurn

278 2219 405 2242 verdient.
426 2218 481 2242 Der'
494 2219 574 2242 Mann
592 2220 625 2242 ist
645 2219 706 2243 sehr
725 2219 894 2249 beschrz'inkt,
912 2219 955 2243 ein
973 2218 1062 2249 ξύλκνος
1079 2219 1150 2245 vobs.

311 2256 334 2286 3)
354 2258 443 2289 „KIotz
462 2259 579 2288 (suchte)
598 2259 639 2282 die
657 2258 859 2289 Uberlieferuug
877 2266 923 2282 um
939 2258 1018 2288 jeden
1039 2258 1111 2281 Preis
1129 2266 1160 2282 zu
1180 2258 1286 2282 hasten*
1305 2258 1401 2290 (diarii,
1418 2258 1488 2288 quod

278 2297 433 2321 inscribitur
453 2298 660 2329 „Philologische
682 2297 922 2329 Wochenschrift”,
939 2305 961 2321 a.
980 2296 1046 2321 1882
1065 2297 1112 2321 col.
1132 2297 1183 2328 7¹).
