1673 2768
172 677 295 708 Studiis
313 677 507 708 academicis
529 678 624 708 finem
646 678 836 717 imposituro
858 680 960 708 restat
980 677 1068 713 mihi,
1090 679 1126 707 ut
1147 678 1248 714 vobis,
1267 679 1344 708 Aca-

133 736 258 766 demiae
292 735 426 766 Liberae
456 735 662 766 Reformatae
692 737 905 773 Professores,
937 745 1072 775 quorum
1101 736 1271 775 disciplina
1298 737 1344 766 uti

133 787 191 833 per
212 796 261 824 tot
282 803 385 824 annos
407 793 484 823 mihi
510 794 636 831 licebat,
658 795 790 825 meritas
811 794 932 833 gratias
954 803 1055 833 agam.

172 851 334 891 Imprimis
361 851 429 888 tibi,
458 852 635 882 clarissime
658 853 735 882 IANE
759 853 924 889 WOLTJER,
949 853 1118 882 Promotor
1140 853 1343 882 aestumatis-

132 909 222 946 sime,
250 909 370 948 gratias
398 919 495 948 quam
525 910 684 940 maximas
713 920 783 949 ago,
806 911 892 949 quod
914 913 959 947 tu,
982 910 1037 949 qui
1060 910 1136 939 mihi
1159 911 1343 949 exemplum

131 967 256 997 illustre
286 968 317 997 in
346 967 448 998 literis
477 968 622 998 colendis
644 971 720 998 ante
743 969 852 999 oculos
874 978 1003 1008 semper
1025 968 1123 1004 fuisti,
1146 978 1343 1007 quamquam

132 1026 241 1056 multis
266 1026 397 1056 maximi
419 1026 573 1065 ponderis
594 1026 709 1056 officiis
730 1027 893 1057 distentus
915 1026 1142 1056 benevolentia
1164 1036 1215 1056 me
1235 1026 1343 1056 devin-

130 1083 204 1120 cire,
226 1083 399 1123 praecipue
422 1083 482 1113 hoc
503 1083 652 1121 triennio,
675 1084 761 1114 haud
785 1084 948 1114 destitisti.

170 1141 251 1178 Tibi,
283 1141 461 1171 clarissime
491 1141 642 1179 Gssnsmss,
671 1142 726 1181 qui
756 1142 787 1172 in
812 1142 966 1172 historiae
989 1141 1214 1181 philosophiae
1235 1142 1342 1172 studia

130 1209 182 1230 me
210 1199 376 1236 induxisti,
404 1209 461 1239 pro
490 1199 695 1230 institutione
717 1202 773 1230 tua
795 1202 828 1230 et
848 1200 965 1239 insigni
987 1200 1019 1230 in
1043 1209 1093 1230 me
1117 1200 1342 1230 benevolentia

129 1257 303 1297 plurimum
332 1267 383 1288 me
413 1258 531 1288 debere
553 1258 693 1288 libenter
714 1259 875 1298 profiteor.

169 1316 256 1346 Tuas
288 1316 426 1353 scholas,
457 1316 634 1346 clarissime
664 1316 846 1346 ABRAHAME
868 1316 1012 1353 KUYPER,
1031 1316 1214 1355 gratissimo
1234 1316 1340 1346 animo

129 1374 278 1404 recordor
300 1384 494 1413 semperque
516 1374 718 1404 recordabor.

170 1432 301 1462 Utinam
330 1432 362 1462 in
389 1432 449 1462 hoc
477 1442 612 1462 numero
637 1434 669 1462 te
692 1442 821 1471 quoque
845 1432 1054 1471 superstitem
1077 1432 1197 1471 alloqui
1218 1432 1339 1470 liceret,

128 1490 407 1530 praestantissime
429 1490 476 1520 DE
499 1489 644 1527 HARTOG,
667 1490 759 1519 cuius
781 1490 930 1520 candoris
951 1492 983 1520 et
1003 1490 1147 1520 caritatis
1168 1490 1340 1529 singularis

128 1548 283 1578 memoria
303 1557 433 1587 semper
454 1548 486 1578 in
509 1548 616 1578 animo
639 1558 711 1578 meo
734 1548 830 1578 vivet.

167 1607 342 1637 Praeterea
363 1606 483 1645 gratias
506 1615 565 1645 ago
589 1606 862 1636 Bibliothecarum
883 1606 1076 1636 nostratium
1095 1606 1282 1643 Praefectis,
1300 1606 1339 1636 iis

128 1665 293 1705 imprimis,
323 1665 378 1704 qui
409 1664 631 1695 Bibliothecae
654 1664 868 1695 Academicae
892 1664 1043 1694 Leidensi
1064 1666 1230 1703 praesunt,
1251 1664 1337 1703 quod

127 1723 330 1761 tabularium,
359 1723 391 1753 in
421 1732 485 1762 quo
513 1723 695 1762 permultae
724 1723 837 1753 literae
859 1732 878 1753 a
898 1722 1117 1761 compluribus
1139 1722 1215 1752 viris
1235 1722 1338 1753 doctis

127 1781 168 1812 ad
200 1782 347 1812 GEELIUM
379 1781 474 1811 datae
506 1783 686 1818 servantur,
718 1781 770 1811 vel
798 1781 837 1811 iis
864 1781 961 1818 horis,
991 1780 1108 1820 quibus
1138 1780 1338 1811 Bibliotheca

126 1840 237 1870 clausa
259 1849 331 1870 esse
354 1840 446 1877 solet,
468 1849 487 1870 a
509 1849 560 1870 me
582 1839 696 1879 inspici
718 1839 842 1878 gravati
864 1849 928 1869 non
949 1841 1034 1869 sunt.
