1673 2768
685 306 722 336 61

98 402 220 433 minder
236 401 429 432 overdreven
443 400 565 431 hebben
580 401 641 431 dan
656 400 694 431 de
707 399 824 430 latere''
843 398 871 437 1).
884 399 994 429 Totum
1011 408 1090 439 opus
1104 398 1312 429 nihilominus

98 458 204 489 Geelio
229 458 400 489 admodum
425 458 544 499 placuit
561 456 591 496 2).

147 575 257 606 Restat
281 575 446 614 iudicium,
471 575 555 615 quod
580 575 611 604 in
636 574 736 604 diario
763 573 820 612 „de
845 572 944 604 Gids⁷’
969 572 1043 603 Geel
1068 572 1141 603 fecit
1165 573 1203 604 de
1226 572 1314 610 libro,

99 632 152 662 cui
195 631 307 662 titulus
344 634 391 663 est
429 631 532 671 „Over
567 631 625 662 den
663 630 774 661 Schrik
810 639 847 660 en
885 630 936 660 het
972 628 1156 669 Medelijden
1194 630 1225 659 in
1263 630 1314 660 het

99 688 271 719 Grieksche
293 687 492 729 Treurspel''‚
515 698 540 718 a.
568 688 651 717 1838
675 697 693 718 a
716 687 745 718 J.
770 686 819 717 W.
843 686 939 716 Elink
965 686 1055 717 Sterk
1081 686 1173 716 edito.

143 745 227 776 Illud
255 744 311 784 „3st
335 744 416 775 ἐλέου
442 743 493 775 xcxi
519 743 638 783 φόβου”
662 744 694 774 id
719 744 869 784 temporis
891 751 1019 783 quoque
1039 743 1163 772 animos
1177 742 1315 773 movisse

100 804 236 842 apparet,
260 811 333 832 nam
358 802 451 832 etiam
478 801 623 839 diarium,
648 801 699 830 cui
724 809 839 830 nomen
865 802 913 830 est
940 798 1315 838 „Letteroefenaar⁷',hoc

101 859 139 889 de
174 858 253 888 libro
289 858 430 898 scripsit3
467 860 534 887 tum
571 860 601 888 et
636 858 740 897 ipsum
778 856 894 886 librum
928 858 957 886 et
981 855 1098 885 iudicia
1123 855 1161 886 de
1185 864 1221 886 eo
1245 865 1316 896 pro-

100 915 162 946 lata
194 915 298 946 denuo
334 915 366 944 in
404 914 558 944 iudicium
595 914 720 943 vocavit
754 912 908 943 Brouwer
924 910 966 952 3);
992 911 1154 952 respondit
1179 911 1317 952 denique

102 971 193 1003 Sterk
209 971 240 1010 4).

147 1028 222 1059 Geel
247 1027 363 1059 Sterkii
388 1037 467 1068 opus
493 1027 584 1057 valde
608 1026 750 1057 laudavit
764 1027 794 1065 5).
819 1025 951 1066 Scripsit
975 1026 1074 1056 enim:
1102 1024 1219 1064 „Beide
1239 1024 1316 1055 Ver·

103 1085 315 1125 handelingen
348 1085 407 1124 zijn
433 1086 496 1114 met
520 1083 722 1124 overtuiging
746 1092 784 1113 en
809 1085 939 1113 warmte
963 1082 1167 1122 geschreven,
1191 1090 1228 1112 en
1256 1083 1319 1111 met

104 1142 156 1172 dat
191 1142 299 1182 innige
333 1140 518 1180 bewustzijn
555 1140 610 1170 der
646 1139 880 1179 bewondering,
904 1138 957 1168 dat
982 1138 1020 1168 de
1055 1138 1231 1168 kenner
1265 1137 1319 1167 der

105 1198 251 1229 Oudheid
276 1197 376 1228 alleen
401 1195 546 1237 gevoelt”
563 1196 593 1234 G).
619 1195 710 1232 Quod
735 1195 826 1226 Sterk
851 1195 948 1225 altera
972 1195 1113 1224 oratione
1138 1194 1175 1224 de
1202 1193 1319 1232 „s'm‘sz”

104 1256 147 1293 (in
183 1255 366 1294 Antigone),
402 1253 500 1284 altera
524 1253 561 1283 de
589 1250 718 1291 „adfice”
744 1252 787 1289 (in
812 1251 948 1288 Electra)
973 1253 1087 1290 egerat,
1113 1259 1176 1289 qna
1200 1250 1321 1280 ratione

105 1314 228 1342 tantum
253 1313 374 1351 partem
395 1319 515 1348 eorum,
536 1318 617 1349 quae
638 1308 772 1339 dicenda
792 1310 889 1347 erant,
903 1307 1006 1338 dicere
1019 1307 1129 1347 potuit,
1142 1308 1319 1347 temporum

106 1368 205 1408 magis
230 1376 332 1398 mores
357 1376 452 1407 quam
478 1366 628 1397 editorem
655 1365 730 1396 Geel
755 1365 925 1395 accusavit.

150 1424 351 1464 Quamquam
388 1433 460 1453 cum
497 1422 620 1453 Sterkio
655 1421 728 1452 fecit
763 1421 820 1451 hac
856 1421 887 1450 in
924 1429 973 1450 re:
1014 1420 1086 1457 „het
1110 1419 1266 1459 trenrspel
1294 1420 1320 1449 is

107 1481 145 1512 de
179 1480 370 1521 nabootsing
405 1489 465 1510 van
503 1488 580 1509 eene
616 1478 797 1518 handeling,
833 1477 883 1507 die
919 1476 1024 1507 schrik
1060 1485 1098 1506 en
1136 1475 1321 1515 medelijden

108 1537 256 1576 verwekt,
290 1536 452 1567 waardoor
487 1535 532 1566 als
569 1535 646 1565 door
678 1543 735 1565 een
768 1536 959 1573 tooverzang
993 1531 1097 1570 (μέλος
1130 1530 1322 1569 κκθοιρτικόν,

109 1593 217 1633 ἐπῳδή,
254 1598 376 1632 cantus,
411 1601 546 1631 carmen,
582 1590 760 1632 piaculum)
796 1590 834 1621 de
858 1589 963 1620 sehrik
987 1598 1025 1620 en
1051 1589 1104 1619 het
1129 1588 1324 1627 medelijden,

110 1660 147 1682 en
173 1651 211 1681 de
236 1649 380 1681 daarmee
405 1648 607 1679 verbondene
631 1647 872 1687 aandoeningen
898 1646 953 1676 der
977 1645 1189 1683 toehoorders,
1209 1644 1325 1675 slechts

109 1707 270 1738 derzelver
304 1714 497 1746 aangename
533 1714 571 1735 en
608 1713 684 1734 voor
716 1703 776 1733 den
802 1702 933 1733 mensch
958 1702 1111 1732 heilzame
1137 1701 1248 1731 kracht
1273 1700 1324 1731 be-

111 1763 258 1794 houden”
273 1762 305 1801 7),
330 1762 496 1800 dubitavit,
519 1770 627 1791 aunon
651 1761 711 1790 ista
735 1761 776 1790 sit
800 1760 957 1790 sententia
980 1757 1171 1788 Aristotelis.
1196 1757 1326 1787 Putavit

111 1821 194 1851 enim
231 1818 377 1858 κάθαιμα-ιν
409 1818 488 1849 nihil
512 1827 581 1848 esse
605 1818 683 1847 nisi:
713 1815 1071 1855 „ontleediging
1107 1823 1217 1844 voor
1253 1814 1327 1843 het

144 1973 171 2004 1)
188 1974 224 1998 Ll.
242 1981 266 2004 p.
285 1972 342 1997 341.

144 2014 171 2046 2)
189 2014 228 2038 Cf.
245 2022 269 2045 p.
287 2013 336 2037 338
353 2015 380 2037 et
396 2012 454 2037 344.

145 2053 172 2085 3)
190 2054 288 2078 Proeve
314 2060 394 2077 eener
422 2051 548 2076 Recensie
575 2050 638 2074 door
664 2057 713 2073 een
741 2047 985 2072 niet-recenserend
1013 2046 1154 2077 Sehrijver.
1172 2045 1228 2069 Ook
1247 2045 1329 2069 onder

113 2093 164 2117 den
183 2093 241 2117 titel
260 2101 321 2117 van:
342 2092 464 2117 Alwedei·
482 2092 532 2115 iets
549 2098 612 2114 over
630 2090 675 2113 het
694 2089 838 2113 Grieksehe
857 2088 989 2118 treurspel
1009 2086 1072 2110 door
1091 2086 1118 2109 P.
1135 2093 1184 2109 van
1202 2085 1327 2116 Limburg

115 2133 249 2164 Brouwer,
265 2141 288 2157 a.
307 2132 380 2156 1839.

148 2172 174 2203 4)
194 2172 311 2202 Gesprek
336 2179 386 2195 van
412 2171 433 2195 J.
451 2171 492 2196 W.
512 2169 588 2194 Elink
616 2168 693 2192 Sterk
713 2170 765 2191 met
785 2168 816 2191 de
835 2168 1028 2195 Recensenten,
1046 2172 1069 2188 a.
1089 2163 1161 2188 1839.
1180 2164 1229 2192 Qui
1249 2171 1328 2194 quam

115 2211 243 2235 maximas
261 2211 358 2242 gratias
376 2210 464 2234 Geelio
482 2209 543 2240 egit.

149 2251 176 2281 5)
195 2251 224 2274 In
242 2251 333 2281 diario,
350 2250 418 2280 quod
439 2248 594 2273 inscribitur
615 2247 660 2277 „de
679 2247 767 2275 Gids'',
785 2253 807 2269 a.
826 2244 890 2268 1839
910 2253 933 2275 p.
951 2242 1058 2267 29—37.

149 2289 176 2320 6)
194 2290 230 2314 l.l.
249 2297 273 2320 p.
291 2288 331 2313 29.

151 2329 176 2360 7)
195 2330 228 2353 l.l.
249 2336 271 2359 p.
289 2328 329 2352 34.
