1673 2768
733 335 793 364 139

153 427 270 457 tionem
307 426 365 456 hoc
401 426 467 456 loeo
503 427 656 466 aptiorem
681 436 750 457 esse
774 430 874 467 putat,
904 437 994 465 „nam
1021 427 1070 457 vel
1095 427 1153 457 hoe
1180 428 1276 458 verbo
1302 429 1369 459 solo

152 483 275 513 Iocasta
299 482 446 521 ostendit,
471 483 557 522 quod
582 483 666 513 haud
691 483 788 513 semel
814 483 1015 513 manifestum
1037 483 1119 522 facit,
1133 483 1192 514 sibi
1206 483 1369 523 Poly-uicis

152 549 280 570 eausam
305 539 457 579 potiorem
485 538 623 576 videri’‘;
650 540 739 570 reicit
764 540 871 579 itaque
895 541 1108 570 coniecturam
1136 539 1317 578 ὑπερδράμῃ.

197 596 247 625 Ad
269 605 312 625 vs.
339 596 401 625 585
427 595 579 625 adscribit
603 595 758 626 Iocastam
786 605 847 626 non
875 596 933 626 hoc
959 596 1099 626 voluisse
1123 596 1236 634 dicere,
1250 597 1368 626 malum

152 662 221 683 esse
245 652 477 692 turpissimum,
501 651 555 682 sed
579 652 852 689 inimicissimum3
868 653 966 692 igitur
978 652 1114 690 ἔχθιττεν
1128 652 1368 692 praeferendum

152 718 220 739 esse
245 708 335 739 alteri
359 708 497 747 lectioni,
524 718 605 748 quae
629 712 675 739 est
699 707 867 746 κ’ίσ-χιστσν.

196 765 247 794 Ad
283 774 328 795 vs.
365 764 425 794 591
459 763 576 794 Klotzii
608 774 713 804 causa,
740 765 795 805 qui
821 765 1012 805 praetulerat
1037 765 1203 795 lectionem
1229 767 1370 802 τκῆπτρκ

152 823 327 859 macrob-arx,
361 824 467 851 monet
495 823 631 859 „xpx‘refv
656 832 685 851 τι
711 830 836 862 semper
859 831 943 852 esse:
971 821 1066 862 aliq
1081 821 1155 852 uid
1193 825 1266 851 ten
1282 831 1371 857 ere,

152 877 207 908 sed
232 879 398 915 consta(re)
424 879 541 914 κρκτεῖν
565 888 638 911 τινος
651 887 893 917 nonnumquam
909 878 1040 908 eandem
1056 877 1171 908 habere
1184 880 1371 918 potestatem

153 943 247 974 quam
268 935 375 974 ipsum
396 932 544 963 Latinum
569 934 719 974 potiri
744 934 836 965 habet
861 935 917 965 i.e.
943 935 1007 964 ita
1032 935 1233 974 potitum
1258 943 1371 972 esse,

153 993 199 1021 ut
223 993 404 1029 teneas,
429 990 712 1030 possideas''.

196 1045 251 1076 Vs.
288 1046 350 1076 739
377 1045 452 1076 Geel
475 1044 608 1084 Klotzio,
633 1047 687 1086 qui
714 1046 799 1076 hunc
824 1056 951 1076 versum
979 1056 1051 1076 cum
1078 1056 1122 1077 vs.
1149 1046 1210 1075 737
1237 1047 1371 1076 coniun-

151 1102 291 1142 gendum
327 1111 396 1132 esse
432 1104 531 1141 putat,
563 1101 749 1142 respondet:
778 1102 855 1140 „hoc
880 1112 954 1132 vero
979 1103 1072 1142 louge
1095 1102 1235 1132 alienum
1261 1105 1308 1132 est
1332 1102 1370 1132 ab

152 1158 325 1198 Euripidea
349 1157 593 1196 stichomythiae
618 1158 695 1198 lege,
720 1168 783 1198 qua
807 1160 1004 1199 interruptus
1029 1159 1165 1189 alieuius
1186 1168 1288 1189 sermo
1302 1162 1370 1189 tum

152 1215 332 1245 continuari
358 1214 435 1245 solet
460 1224 558 1254 quum
585 1215 771 1245 interiectus
796 1224 908 1245 versus
932 1215 1057 1255 plenam
1083 1216 1270 1245 sententiam
1297 1225 1371 1245 e-on-

152 1273 240 1310 tinet,
276 1280 358 1311 quae
393 1271 523 1301 alterius
558 1270 795 1301 interlocutoris
830 1272 1066 1311 responsionem
1101 1281 1163 1301 non
1200 1271 1372 1312 requirat‘’‚

151 1332 248 1368 atque
281 1328 384 1368 iungit
421 1327 610 1365 πρπκεῑσθκι
648 1337 719 1357 cum
755 1326 983 1365 πρςστεταέχθκι
1013 1330 1069 1365 (vs.
1096 1328 1179 1367 738),
1204 1338 1267 1368 quo
1290 1328 1371 1359 facto

153 1385 310 1415 sententia
346 1384 422 1414 haec
453 1383 504 1415 fit:
542 1385 675 1422 „turmis
712 1393 866 1424 praeesse,
903 1384 1095 1424 quibuscum
1121 1388 1240 1425 septem
1266 1389 1372 1425 portas

151 1440 366 1471 adoriantur’'.

196 1496 250 1527 Vs.
287 1497 368 1526 821:
395 1494 573 1536 (δράκιντος)
597 1495 701 1532 γέννκν
726 1495 894 1531 ἰδοντοέυῆ,
921 1496 1042 1533 Θήβκις
1066 1495 1232 1527 κάλλιστε-κ
1257 1496 1368 1531 emax.

152 1552 319 1583 Κάλλιστον
343 1551 446 1586 ὄνειδος
472 1552 629 1592 proverbii
654 1552 722 1582 loeo
747 1562 816 1583 esse
841 1556 945 1593 putat;
973 1553 1043 1583 aliis
1068 1553 1144 1584 locis
1169 1554 1273 1584 allatis
1299 1563 1369 1593 pro-

153 1610 204 1640 bat
230 1609 389 1648 „dubitari
416 1619 477 1639 non
504 1619 605 1649 posse,
630 1610 706 1649 quin
733 1610 817 1648 apud
843 1609 980 1640 Graecos
1004 1611 1036 1640 in
1051 1620 1103 1641 ore
1117 1611 1263 1641 habuerit
1276 1611 1368 1641 mam

152 1665 254 1701 ὄνειδος
278 1668 305 1697 is
330 1667 385 1706 qui
410 1667 589 1696 convicium
612 1666 767 1696 refelleret
789 1667 832 1696 rei
847 1676 941 1706 quam
957 1666 1017 1697 sibi
1030 1668 1135 1707 potius
1149 1667 1261 1697 honori
1275 1667 1368 1697 duce-

151 1723 228 1753 ret’'.
262 1722 379 1753 Eodem
414 1723 507 1752 modo
541 1721 644 1757 ἔνειδος
668 1723 739 1753 aliis
765 1723 842 1753 locis
866 1723 951 1763 apud
974 1724 1110 1763 tragicos
1135 1725 1370 1764 interpretatur.

197 1779 250 1809 Vs.
283 1779 346 1808 943
378 1778 485 1809 Geelio
510 1782 678 1818 suspectus
703 1783 750 1809 est
774 1778 940 1817 („f0rtasse
966 1779 1014 1809 hie
1040 1789 1153 1810 versus
1177 1779 1370 1820 Euripideus

151 1835 212 1866 fuit
245 1836 278 1865 in
303 1835 364 1865 alia
388 1836 457 1866 eius
482 1835 611 1873 Fabula,
635 1839 665 1866 et
689 1835 728 1865 ab
754 1835 864 1866 sedulo
890 1835 1005 1866 lectore
1030 1836 1092 1866 huc
1116 1837 1255 1867 insertus
1281 1835 1371 1875 est”)‚

151 1901 346 1932 quamquam
385 1893 500 1930 „sentit
536 1902 623 1922 arma
660 1893 721 1932 peti
759 1901 850 1932 posse
884 1892 922 1922 ad
960 1892 1109 1922 tuendam
1137 1893 1233 1923 huius
1258 1902 1370 1923 versus

152 1947 367 1987 wnmclrnrx'ss
395 1948 481 1989 quod
505 1949 622 1987 omnia,
644 1958 726 1989 quae
751 1958 836 1979 nunc
861 1949 1045 1989 ignoramus
1068 1949 1119 1986 (de
1144 1949 1287 1980 Creontis
1310 1949 1370 1980 fili-

152 2015 306 2045 orumque
341 2006 409 2036 eius
444 2006 578 2045 origine)
614 2005 761 2045 Euripidi
797 2015 836 2036 ex
872 2005 1042 2036 traditione
1077 2005 1210 2037 fortasse
1243 2007 1371 2046 cognita

151 2060 298 2092 fuerint”.
319 2061 393 2092 Iure
418 2071 519 2099 nemo,
544 2062 629 2102 quod
654 2062 760 2099 sciam,
786 2061 930 2092 Geelium
956 2066 1086 2092 secutus
1111 2068 1166 2093 est.

196 2117 237 2148 Et
269 2128 314 2148 vs.
342 2118 425 2148 1070
451 2123 481 2148 et
508 2118 591 2148 1075
617 2127 656 2148 ex
683 2117 808 2148 duabus
833 2118 979 2148 codicum
1006 2118 1207 2158 lectionibus,
1233 2129 1369 2159 quarum

153 2177 288 2214 utraque
322 2173 396 2204 ferri
429 2176 539 2214 potest,
565 2178 634 2204 utra
659 2174 803 2213 eligenda
828 2174 876 2212 sit,
902 2175 1075 2214 quaeritur.
1101 2174 1156 2205 Vs.
1186 2175 1268 2204 1070
1294 2174 1369 2205 Geel

152 2239 192 2260 ex
227 2229 391 2260 nonnullis
426 2229 516 2260 libris
552 2239 607 2269 pro
641 2219 740 2264 κλὲινή
774 2230 900 2270 scripsit
924 2229 1021 2269 κυδρή,
1049 2240 1264 2270 „quamquam
1289 2230 1370 2261 Her-

153 2295 268 2316 manno
291 2286 348 2316 hoe
369 2285 560 2316 adiectivum
584 2287 683 2325 magis
706 2285 910 2316 Homericum
933 2296 1027 2326 quam
1050 2287 1205 2327 tragicum
1221 2287 1371 2325 vide(ba)-

153 2341 237 2380 tur'’,
268 2342 327 2371 hoc
356 2343 525 2382 praecipue
549 2345 737 2382 argumento
763 2343 906 2381 innixus,
931 2342 1016 2382 quod
1044 2342 1184 2383 „Tragici
1212 2353 1371 2375 nonnum-
