1673 2768
716 335 775 364 127

138 426 193 456 vix
228 425 318 457 aliter
354 426 479 457 defendi
514 430 656 468 possunt,
687 437 782 468 quam
816 430 851 458 ut
875 426 1040 458 Creontem
1066 428 1168 459 dicere
1193 431 1352 469 putemus,

138 482 164 512 si
189 491 279 512 suam
303 483 440 513 animam
466 482 518 513 Dii
542 485 684 524 accipere
708 484 816 523 velint,
840 493 909 515 sese
923 484 1142 514 moriturum⁷‘.
1159 484 1295 523 „Recte”
1311 504 1350 507 —

137 538 299 578 respondit
324 538 399 569 Geel
426 557 465 561 —-
494 542 543 578 „et
567 540 611 570 sic
636 549 690 571 eos
715 540 928 571 defendendos
953 543 1039 580 puto,
1063 540 1238 581 eodemque
1259 541 1352 572 modo

138 594 294 625 intellexit
318 605 452 635 magnus
478 595 759 637 Phraseologista”.

182 650 310 682 Praeter
334 652 505 682 nonnullas
531 653 786 693 procursationes
810 662 896 683 arma
922 653 1092 693 quiescunt
1117 662 1221 693 usque
1246 653 1285 684 ad
1308 663 1351 684 vs.

141 707 234 746 1346,
265 716 359 748 quem
386 717 514 738 versum
541 707 635 749 (οἴμοι
660 710 757 739 κακῶν
782 708 931 744 δύστηνος·
956 706 976 738 ὦ
999 707 1100 743 ‘roiam
1124 708 1199 751 ἐγώ)
1225 709 1352 740 obelum

138 762 356 794 Valckenaerii
394 764 542 804 effugisse
575 764 739 795 Hermann
778 766 920 797 miratur.
957 764 1031 796 Geel
1057 768 1251 806 opportune:
1279 769 1353 804 „aut

138 819 214 850 haec
238 829 300 850 non
326 820 477 861 intelligo,
502 824 557 851 aut
581 823 704 859 ψυχρῶς
728 821 829 852 illusit
849 822 918 852 eius
932 821 1096 852 manibus:
1113 822 1201 862 prius
1216 821 1353 852 malim”.

182 875 254 907 Vss.
284 876 499 907 1369—1371
526 878 731 918 pervenimus
757 878 794 908 ad
820 880 883 908 tres
909 887 1030 917 versus,
1055 878 1086 908 in
1113 878 1230 918 quibus
1244 878 1353 909 obelus

139 932 430 964 Valckenaerianus
466 934 583 964 multos
616 934 834 970 conturbavit;
868 935 975 974 itaque
999 934 1162 975 aliquanto
1187 934 1292 966 fusius
1316 935 1353 965 de

138 989 176 1019 iis
201 989 369 1029 disputabo
394 990 654 1031 investigaturus,
677 1001 770 1031 quam
798 990 873 1021 Geel
899 991 1080 1022 methodum
1106 991 1146 1022 sit
1171 994 1300 1022 secutus
1324 994 1354 1022 et

137 1046 170 1075 in
206 1044 436 1077 Valckenaerio
472 1046 669 1077 defendendo
705 1049 735 1078 et
769 1047 799 1077 in
837 1047 1024 1087 corruptelis
1060 1047 1243 1088 detegendis
1267 1051 1298 1078 et
1320 1048 1352 1077 in

138 1103 229 1133 textu
253 1103 459 1134 emendando.
484 1102 566 1134 Sunt
590 1104 622 1133 hi
646 1113 774 1135 versus:

338 1170 500 1210 αἴσχιστον
524 1172 613 1202 αἰτῶν
628 1172 652 1212 ¹)
677 1171 836 1210 στέφανον,
860 1172 986 1209 ὁμογενῆ
1008 1175 1135 1202 κτκνεῑν.

340 1231 465 1262 πολλοῖς
489 1228 603 1265 δ’ἐπῄει
628 1227 739 1266 δάκρυσι
763 1231 816 1263 τῆς
839 1227 947 1266 τύχης,
972 1226 1032 1262 ὅση,
1050 1226 1077 1269 2)

338 1283 502 1322 κᾶβλεψαν
526 1284 688 1320 aim-'qvem
715 1283 863 1318 δικδόντες
883 1284 968 1322 κόραις
984 1283 1020 1325 2).

182 1352 371 1383 Rectissime
404 1353 667 1384 Valckenaerium
701 1353 931 1394 significavisse
955 1353 1102 1384 observat
1126 1353 1201 1384 Geel
1226 1354 1352 1384 univer-

138 1419 205 1440 sam
248 1410 343 1440 huius
379 1419 510 1440 scaenae
545 1410 792 1450 adornationem,
828 1419 966 1450 pugnam
1004 1410 1209 1450 singularem,
1245 1419 1353 1450 preces

139 1466 299 1506 utrimque
323 1465 420 1496 factas
444 1475 484 1496 ex
508 1465 646 1496 Homero
672 1475 822 1506 expressa
846 1475 932 1503 esse,
958 1475 1030 1496 eum
1056 1469 1161 1496 tamen
1186 1475 1249 1496 non
1276 1466 1352 1496 effu-

138 1522 222 1561 gisse
257 1522 337 1552 hanc
372 1521 547 1552 Hermanni
582 1521 905 1552 animadversionem:
945 1521 1040 1560 „lusit
1073 1519 1148 1562 (V.)
1172 1522 1352 1562 importune

138 1579 258 1618 copiam
296 1579 465 1608 memoriae
500 1577 693 1616 ostentans⁷’,
729 1587 801 1608 cum
838 1577 967 1608 laudare
1000 1577 1162 1608 debuisset
1187 1577 1351 1608 Hermann

141 1636 334 1674 memoriam,
370 1644 450 1674 quae
473 1637 537 1664 tam
563 1634 652 1664 utilia
676 1638 706 1664 et
729 1638 801 1674 apta
826 1633 1144 1664 subministravisset.
1172 1633 1352 1675 „Expungi,

139 1691 244 1731 inquit
268 1690 353 1729 Geel,
377 1691 447 1721 illos
472 1694 535 1721 tres
560 1700 670 1721 versus
696 1690 796 1720 voluit
821 1689 873 1720 V.:
901 1693 931 1720 et
956 1691 1093 1730 primum
1115 1690 1253 1731 quidem,
1268 1691 1352 1731 quod

138 1747 308 1786 Polynices
344 1748 394 1778 sui
430 1747 593 1778 dissimilis
628 1749 711 1777 esset
741 1747 809 1786 (qui
834 1755 949 1777 causae
973 1756 1049 1777 suae
1073 1748 1230 1787 aequitate
1254 1747 1353 1778 fretus

139 1804 178 1834 ad
214 1813 272 1834 sua
306 1805 474 1844 repetenda
500 1804 657 1841 venisset),
681 1803 708 1833 si
733 1812 819 1833 nunc
844 1803 989 1833 dedecori
1014 1802 1074 1833 sibi
1098 1802 1165 1833 fore
1189 1804 1351 1834 victoriam

139 1860 297 1891 fateretur.
332 1859 483 1890 Concedit
518 1859 732 1897 Hermannus,
767 1859 844 1889 haec
879 1859 1014 1889 addens:
1051 1859 1128 1898 „etsi
1155 1869 1216 1889 non
1242 1863 1353 1890 estex

139 1918 226 1948 omni
262 1920 349 1957 parte
385 1926 504 1947 verum.
528 1915 599 1947 Non
625 1917 708 1947 enim
735 1915 899 1946 dedeceret
923 1915 1119 1954 Polynicem,
1144 1925 1202 1946 nec
1226 1916 1275 1946 sui
1301 1915 1354 1946 ille

173 2064 200 2094 1)
220 2064 296 2087 Αἰτῶν
319 2071 349 2087 ex
368 2064 434 2087 libro
452 2064 599 2087 recentiore
617 2071 631 2087 a
650 2063 813 2088 Weckleinio
831 2063 950 2091 affertur,
969 2065 1007 2086 est
1027 2063 1107 2086 etiam
1126 2062 1231 2086 Canteri
1251 2062 1354 2085 coniec-

140 2107 212 2133 turn;
240 2103 336 2134 reliqui
360 2103 462 2127 codices
480 2103 605 2126 exhibent
624 2103 691 2126 κὶτῖι.
711 2102 880 2132 Participium
899 2102 1114 2132 coniungendum
1132 2104 1173 2125 est
1193 2108 1254 2124 cum
1275 2101 1354 2124 verbo

141 2143 282 2169 Πολυνείκης
299 2144 348 2173 (vs.
367 2142 451 2171 1364).

173 2182 199 2212 2)
217 2183 272 2206 Vss.
299 2181 364 2206 1370
391 2184 416 2205 et
444 2181 506 2205 1371
535 2189 549 2205 a
578 2181 740 2206 Weckleinio
767 2181 843 2204 uncis
870 2180 1058 2209 includuntur;
1087 2178 1316 2203 VSS.1369—1371
1340 2186 1354 2202 a

140 2222 342 2252 Valckenaerim
369 2222 431 2245 Geel
459 2221 485 2245 in
516 2222 600 2251 primo
628 2228 706 2244 versu
726 2221 838 2244 coniecit
856 2219 974 2248 ἄλγιστον
992 2219 1062 2248 αἰτῶ
1085 2219 1232 2243 secundum
1255 2221 1281 2242 et
1300 2221 1355 2242 ter-

140 2262 208 2285 tium
228 2261 275 2285 hoc
295 2261 370 2284 modo
387 2261 552 2284 emendavit:

440 2317 537 2339 πολλοῖς
556 2311 643 2342 δ’ἐπῇει
661 2312 739 2341 θαῦμα
757 2317 798 2339 τῆς
817 2310 891 2340 εὐχῆς
909 2310 951 2338 ὅση

439 2351 563 2379 κῖοὶκλεῲκν
581 2351 696 2378 ἀλλήλοις
714 2350 854 2378 samam-fg
872 2352 946 2379 ›adp-24.
