1673 2768
905 335 945 364 62

317 428 582 468 oogenblik.
630 427 717 457 Even
767 428 812 457 als
861 426 1013 464 κκξτκίρειν
1055 424 1135 463 xime
1179 437 1217 457 en
1262 426 1410 466 κάθκρσις
1443 426 1534 465 alym

317 484 469 515 Grieksch
494 485 530 522 is,
554 494 610 514 zoo
635 484 662 514 is
688 482 836 521 zsc'Smpm
861 485 916 513 τῶν
939 482 1073 513 ‘rezeda-ccv
1098 482 1303 520 πκὲῒημοέτων,
1318 484 1355 515 de
1368 485 1534 525 zuivering

316 541 350 571 of
381 541 669 580 wegneming
706 550 766 569 van
804 540 919 578 schrik,
957 539 1153 580 medelijden,
1189 540 1280 580 hoop,
1316 550 1416 580 vrees,
1441 544 1533 581 angst

315 606 392 636 enz.‚
427 597 478 627 die
514 597 551 627 de
587 596 774 627 beschaafde
810 596 941 626 mensch
965 595 1109 626 behoefte
1133 596 1216 626 heeft
1239 606 1290 626 om
1315 600 1345 627 te
1367 597 1532 637 gevoelen,

314 663 353 684 en
390 653 428 693 bij
466 653 503 684 de
539 653 745 693 voorstelling
780 662 874 683 eener
905 653 1044 683 schoone
1068 652 1259 693 nabootsing
1282 653 1435 694 gevoelen
1460 653 1533 693 kan,

315 710 431 740 zonder
466 710 517 740 het
542 709 687 750 pijnlijke,
713 709 765 739 dat
789 718 825 739 ze
850 710 881 739 in
908 709 959 739 het
984 709 1162 749 werkelijke
1186 709 1278 740 leven
1304 709 1482 750 vergezelt”
1498 708 1531 750 1).

315 765 474 797 Karstenii
499 766 654 796 iudicium
681 765 719 796 de
744 765 801 795 hae
826 766 1085 805 interpretatione
1109 775 1182 796 eum
1208 766 1369 806 rogavisse
1393 775 1454 796 non
1485 770 1532 796 est

314 832 371 853 cur
395 823 547 853 miremur
562 820 596 862 2).

358 935 376 973 ξ
400 936 429 964 4.
464 933 611 974 Denique
643 933 706 963 duo
738 932 837 963 Geelii
862 932 979 962 iudicia
1004 933 1081 963 mihi
1105 932 1262 963 afferenda
1287 936 1371 971 sunt,
1394 933 1528 964 alterum

313 991 351 1021 de
386 990 522 1021 Heusdii
561 989 716 1028 „Brieven
750 999 825 1020 over
850 989 902 1019 het
926 989 1099 1020 beoefenen
1125 990 1179 1020 der
1204 989 1420 1030 Wijsgeerte”,
1444 989 1528 1030 quod

312 1048 427 1087 legitur
463 1048 494 1076 in
528 1046 736 1086 ephemeride,
769 1047 820 1076 cui
845 1055 961 1076 nomen
987 1049 1034 1076 est
1061 1046 1109 1084 „le
1133 1045 1268 1076 Journal
1294 1046 1331 1077 de
1355 1046 1384 1076 la
1407 1045 1529 1085 Haye’',

312 1114 337 1134 a.
377 1104 470 1142 1837,
506 1103 638 1134 alterum
676 1103 714 1133 de
749 1101 920 1142 Hartungii
955 1102 1141 1143 „Iphigenia
1172 1103 1205 1133 in
1230 1102 1369 1133 Aulide”
1393 1103 1529 1143 eiusque

314 1160 486 1201 „Euripide
509 1159 688 1190 Restituto”
713 1161 746 1189 in
771 1158 992 1190 Relationibus
1017 1158 1134 1190 Classis
1158 1159 1280 1190 Tertiae
1304 1169 1330 1189 a.
1357 1159 1449 1189 1846.

355 1217 499 1248 Geelinm
535 1217 626 1247 valde
661 1216 856 1256 discrepasse
879 1215 917 1246 ab
942 1215 1096 1256 Heusdio,
1122 1217 1194 1257 quis
1219 1219 1275 1255 est,
1300 1217 1356 1256 qui
1381 1215 1527 1246 dubitet?

311 1273 402 1310 Quod
434 1273 654 1304 occasionibus
686 1272 800 1303 oblatis
824 1272 986 1313 professus
1009 1276 1057 1304 est
1081 1274 1113 1303 in
1138 1273 1247 1312 literis,
1272 1283 1352 1313 quas
1378 1273 1464 1303 dedit
1487 1272 1526 1303 ad

309 1330 513 1361 Karstenium
539 1332 569 1360 et
593 1329 631 1360 ad
656 1339 718 1368 eos,
742 1330 798 1370 qui
823 1329 958 1360 diarium
988 1329 1045 1368 „de
1070 1329 1169 1360 Gids'⁷
1190 1330 1350 1361 edendum
1363 1329 1525 1360 curabant.

353 1385 389 1416 D.
429 1387 467 1416 13
504 1396 543 1416 m.
567 1385 649 1426 Sept.
675 1396 700 1416 a.
729 1386 810 1416 1837
836 1385 1006 1416 Karstenio
1032 1387 1218 1426 scripserat:
1247 1386 1297 1425 „ik
1323 1387 1371 1416 zie
1395 1386 1460 1416 niet
1483 1386 1526 1424 in,

308 1452 445 1473 waarom
482 1443 535 1473 dat
566 1443 760 1473 overdreven
785 1446 925 1481 systema
950 1443 1096 1482 eindehjk
1122 1443 1186 1473 niet
1210 1452 1325 1473 zoover
1347 1452 1429 1482 gaan
1453 1441 1525 1480 kan,

308 1499 361 1530 dat
397 1509 468 1530 men
501 1499 571 1539 bijv.
603 1498 786 1529 Herodotus
812 1508 888 1529 voor
912 1508 969 1530 een
995 1499 1190 1539 philoplaton
1217 1508 1272 1539 per
1295 1499 1460 1539 inspiratie
1484 1507 1523 1529 en

308 1556 497 1596 voorgevoel
533 1555 703 1596 houdt”³).
735 1555 870 1586 Duobus
897 1555 1060 1586 mensibus
1084 1558 1156 1596 post
1179 1557 1212 1586 in
1239 1555 1448 1596 ephemeride,
1471 1555 1523 1585 cui

309 1622 424 1643 nomen
460 1616 506 1643 est
534 1612 596 1651 „Le
619 1612 755 1643 Journal
780 1612 818 1643 de
841 1612 872 1642 la
896 1612 1010 1652 Haye”
1024 1613 1060 1652 ⁴),
1085 1612 1221 1643 Heusdii
1246 1612 1388 1652 opinioni
1402 1610 1435 1651 5),
1460 1621 1524 1652 qua

306 1668 596 1707 Hemsterhusium,
644 1668 916 1708 Valckenaerium,
958 1668 1197 1706 Ruhnkenium‚
1240 1667 1520 1708 Wyttenbachium

306 1726 388 1756 inter
412 1726 482 1756 illos
507 1725 711 1766 philosophos
735 1728 967 1764 numeraverat,
991 1726 1189 1766 repugnavit.

349 1781 398 1812 Ex
423 1783 470 1821 iis,
496 1791 577 1822 quae
600 1782 632 1812 in
658 1782 716 1812 hoc
739 1782 857 1812 iudicio
882 1783 1016 1812 attinent
1040 1782 1079 1812 ad
1103 1782 1211 1813 literas
1224 1784 1356 1821 veteres,
1369 1782 1521 1811 memoria

306 1838 401 1878 digna
422 1839 498 1868 mihi
517 1838 642 1869 videtur
655 1838 731 1869 haee
746 1837 845 1869 Geelii
859 1839 1016 1869 sententia
1030 1838 1068 1869 de
1082 1838 1273 1879 philologiae
1285 1839 1338 1868 via
1351 1847 1387 1868 ac
1399 1838 1520 1868 ratione

305 1895 336 1924 in
373 1898 480 1925 nostra
515 1896 616 1935 patria
652 1894 866 1925 observanda:
907 1894 970 1934 „Le
993 1894 1192 1933 Hollandais,
1216 1894 1266 1925 s'il
1291 1894 1461 1935 comprend
1485 1903 1520 1924 sa

335 2042 362 2071 1)
381 2042 414 2065 l.l.
434 2050 457 2072 p.
476 2041 516 2065 35.

335 2082 361 2111 ⁶2)
383 2082 409 2105 D.
429 2082 443 2105 4
462 2090 495 2105 m.
513 2082 570 2106 Jan.
588 2090 610 2106 a.
629 2081 695 2106 1839
712 2083 736 2106 ei
755 2082 880 2112 scripsit:
899 2082 980 2113 „Lees
997 2089 1060 2105 eens
1079 2082 1105 2105 in
1125 2082 1175 2105 den
1194 2081 1257 2105 Gids
1274 2088 1322 2105 eeu
1342 2081 1437 2105 artikel
1454 2089 1517 2106 over

302 2121 402 2145 Sterk's
425 2121 531 2145 Schri
545 2122 558 2145 k
588 2129 628 2145 en
657 2122 680 2145 M
693 2122 731 2145 ed
744 2122 890 2153 elijden.
916 2121 944 2145 ΙΙ(
975 2121 1025 2145 heb
1051 2129 1080 2144 er
1104 2121 1130 2144 in
1152 2121 1297 2152 geketterd.
1316 2121 1388 2144 Mam·
1407 2128 1451 2151 zeg
1470 2121 1514 2153 mij

302 2161 335 2192 bij
354 2161 522 2191 gelegenheid
545 2169 603 2184 uwe
621 2161 709 2192 opinie
726 2169 789 2185 over
808 2161 850 2184 die
869 2161 974 2184 nieuwe
993 2160 1138 2191 uitlegging
1160 2168 1207 2184 van
1226 2161 1257 2183 de
1277 2160 1333 2184 veel
1352 2160 1516 2190 hesprokene

302 2208 334 2223 en
362 2200 516 2224 bestredeue
535 2200 570 2232 (5²)
595 2201 678 2231 plaats
702 2208 750 2224 van
770 2200 949 2224 Aristoteleff‘.
975 2200 1092 2231 (Literae
1116 2202 1287 2223 asservantur
1306 2200 1331 2223 in
1355 2200 1515 2224 Bibliotheca

302 2239 382 2270 Lugd.
403 2240 469 2270 ΒΜ.)

334 2278 361 2308 3)
380 2279 497 2309 Epistula
516 2284 667 2303 asservatur
685 2280 712 2303 in
732 2279 893 2303 Bibliotheca
913 2279 1041 2302 Leidensi.

334 2318 361 2343 li)
381 2318 407 2342 Π,
425 2318 458 2341 2ss
477 2326 509 2341 m.
530 2318 592 2342 Nov.
611 2321 637 2342 ot
656 2319 678 2342 d.
698 2319 730 2342 15
749 2326 781 2342 m,
802 2319 861 2342 Dec.
880 2326 901 2341 a.
919 2317 993 2342 1837.

334 2357 361 2387 5)
380 2357 463 2381 Allata
483 2360 521 2381 est
541 2358 567 2381 in
587 2358 716 2388 „Brieven
734 2365 797 2381 over
816 2358 859 2381 het
880 2357 1023 2381 heoefenen
1043 2357 1089 2380 der
1108 2357 1287 2388 Wijsgee1·te“.
