1673 2768
892 306 951 335 116

313 397 421 428 nescio
456 407 519 437 qua
555 397 593 428 de
629 407 725 428 causa
760 398 974 438 importunius
1006 407 1041 428 ae
1065 398 1198 429 fortasse
1229 402 1352 439 praeter
1376 400 1524 430 intimum

311 454 409 483 animi
445 463 575 484 sensum
613 454 770 484 disseruit.
804 453 917 494 Itaque
950 453 1182 485 Commentario
1215 465 1293 486 usus
1325 466 1408 496 sum,
1433 457 1523 486 utin

311 510 511 550 singulorum
546 511 805 550 interpretatione
837 510 988 548 locorum,
1022 511 1076 550 qui
1101 510 1286 542 Hermanno
1311 512 1350 542 ad
1375 512 1524 542 vellican-

312 566 386 596 dum
416 566 682 597 Valckenaerium
708 576 816 597 ansam
842 566 1007 604 dederunt,
1032 566 1211 597 dissensum
1238 577 1341 598 meum
1368 567 1524 608 significa-

313 632 389 653 rem.
425 623 525 664 Saepe
561 623 643 653 enim
670 622 783 653 Virum
810 622 1049 653 celeberrimum
1077 623 1309 663 deprehendere
1333 625 1410 654 mihi
1435 626 1524 654 visus

311 689 395 710 eram
435 680 466 710 in
503 680 572 720 ipsa
608 679 951 710 Valekenaerianorum
988 678 1099 709 acerba
1134 679 1323 710 refutatione
1359 683 1526 710 errantem.

313 735 400 766 Haec
436 736 559 766 notavi:
593 735 753 766 deberi
790 736 906 765 enim
943 735 1024 765 hoc
1060 735 1272 775 putabam
1311 735 1525 766 manibus

311 790 456 833 viri¹),
499 793 592 822 ouius
635 794 759 832 praeter
794 792 964 822 immensas
1001 791 1162 822 doctrinae
1198 793 1304 833 copias
1342 793 1523 833 „egregium

311 847 498 889 ingenium’'
522 848 729 879 Hermannus
753 848 820 888 ipse
844 848 1108 888 praedicaverat‘'.

355 905 470 936 Paucis
506 908 575 945 post
610 904 756 935 versibus
788 905 863 935 haee
895 905 1062 945 leguntur:
1091 904 1273 943 „Klotzium
1299 908 1451 945 expertus
1475 907 1521 935 est

312 961 517 993 Hermannus
552 963 608 992 τῶν
632 961 722 991 αὑτοῦ
749 960 844 997 λόγων
868 960 1003 991 κοπίδκ;
1030 962 1112 992 inter
1136 971 1216 1002 quos
1241 962 1402 1000 incedens,
1426 971 1525 1002 quum

311 1018 362 1049 hic
386 1022 541 1059 receptam
567 1017 769 1048 traditionem
795 1017 962 1048 verborum
988 1017 1152 1058 Euripidis
1177 1028 1239 1048 non
1266 1019 1361 1049 nimis
1384 1027 1525 1049 reverea-

311 1078 372 1114 tur,
406 1075 458 1105 ille
493 1084 533 1105 ne
568 1078 786 1105 transversum
824 1074 951 1114 quidem
988 1083 1129 1114 unguem
1166 1073 1205 1104 ab
1237 1074 1344 1104 eadem
1371 1073 1525 1114 deflectat,

310 1131 451 1171 paulum,
487 1131 609 1170 opinor,
645 1130 797 1160 inclinavi
833 1130 871 1159 ad
907 1130 992 1160 illam
1018 1133 1148 1170 partem,
1173 1130 1226 1160 ubi
1251 1130 1356 1161 salvas
1381 1130 1524 1160 videbam

310 1188 438 1228 linguae
474 1187 558 1227 leges
583 1196 618 1217 ac
643 1187 863 1227 superstitiosa
888 1186 1102 1217 sollicitudine
1127 1196 1259 1217 vacuam
1285 1196 1427 1217 errorum
1452 1196 1525 1217 con-

313 1242 568 1274 siderationem’'.

354 1300 601 1331 Phoenissarum
645 1299 744 1340 igitur
779 1299 873 1329 editio
910 1298 1061 1330 Geeliana
1096 1299 1252 1340 imprimis
1287 1302 1335 1330 est
1368 1299 1449 1330 facta
1484 1299 1523 1330 ad

311 1357 480 1387 editionem
518 1356 821 1386 Valekenaerianam
859 1356 1012 1386 adversus
1037 1355 1308 1386 Hermannianam
1333 1359 1363 1386 et
1387 1355 1525 1386 Klotzia—

310 1423 381 1444 nam
411 1413 640 1444 defendendam
666 1415 761 1453 atque
786 1412 1017 1442 vindicandam.

353 1470 415 1501 Sed
450 1470 544 1500 etiam
580 1479 638 1500 sua
673 1472 785 1509 sponte
820 1469 1041 1499 annotationes
1077 1472 1106 1499 et
1130 1470 1328 1499 coniecturas
1353 1469 1526 1509 permultas

310 1526 386 1557 Geel
410 1526 531 1557 addidit
543 1525 583 1564 '²):
609 1529 707 1556 artem
733 1526 872 1556 criticam
899 1535 1046 1556 exercere
1070 1527 1098 1556 ei
1124 1525 1277 1566 voluptati
1298 1529 1372 1556 erat.

343 1691 370 1721 1>
389 1692 451 1716 Geel
478 1692 501 1715 d.
525 1691 540 1715 9
559 1699 593 1715 m.
612 1691 660 1715 Iul.
678 1699 700 1715 a.
719 1690 784 1714 1845
802 1691 886 1715 amieo
905 1699 952 1715 suo
972 1692 1110 1721 Ritschl'io,
1129 1691 1272 1715 Hermanni
1293 1691 1429 1721 discipulo,
1447 1691 1526 1722 scrip·

310 1731 343 1754 sit
364 1732 456 1761 (huius
477 1732 606 1762 epistulae
624 1731 759 1761 exemplar
776 1734 927 1754 asservatur
946 1731 972 1754 in
992 1731 1154 1755 Bibliotheca
1173 1731 1318 1760 Leidensi):
1336 1730 1389 1761 „Hu
1405 1730 1527 1754 Preller's

310 1771 384 1794 Bries
408 1771 473 1794 habe
501 1771 543 1794 ich
570 1771 618 1795 mit
646 1771 750 1794 wahrer
777 1771 878 1794 Freude
898 1771 1015 1802 gelesen:
1037 1778 1086 1794 von
1103 1771 1192 1801 jenem
1212 1771 1306 1801 Kriege
1325 1770 1397 1801 aher,
1415 1778 1445 1794 zu
1466 1770 1525 1794 dem

310 1811 365 1834 sich
386 1810 495 1834 Holland
516 1818 597 1842 gegen
618 1810 794 1834 Deutschland
815 1812 907 1834 riisten
926 1811 973 1834 soll
994 1811 1070 1834 weiss
1088 1810 1128 1834 ich
1149 1810 1243 1834 nichts.
1255 1810 1317 1833 Hier
1327 1817 1400 1833 muss
1411 1810 1443 1833 H.-
1453 1810 1526 1833 Prel-

309 1851 348 1874 ler
365 1850 469 1874 meineri
489 1851 603 1874 theuren
623 1851 703 1874 Cobet
719 1850 788 1873 wohl
809 1850 1018 1874 misverstanden
1038 1850 1132 1874 haben.
1152 1850 1239 1875 Wenn
1258 1850 1299 1873 ich
1320 1849 1452 1873 vielleicht
1470 1849 1526 1873 ein-

310 1890 361 1913 mal
382 1890 459 1913 lhren
480 1890 600 1914 wirklich
621 1897 727 1921 grossen
746 1890 880 1913 Hermann
900 1889 967 1913 vor‘s
986 1889 1093 1913 Gericht
1112 1890 1179 1919 rufe,
1198 1889 1244 1913 der
1264 1889 1314 1912 mir
1332 1890 1437 1912 meinen
1453 1896 1526 1920 gros-

310 1936 356 1952 sen
376 1929 538 1953 Valckenaer
557 1930 593 1953 im
612 1929 696 1953 Grabe
714 1929 790 1953 sollte
809 1929 894 1953 haben
913 1929 998 1952 ruhen
1018 1929 1113 1959 lassen,
1132 1936 1159 1953 so
1180 1929 1243 1952 wir—d
1264 1929 1309 1952 das
1327 1928 1526 1952 individualiter

310 1969 486 1999 gescheheff'.

343 2008 369 2038 2)
389 2008 425 2032 Cs.
444 2015 512 2039 quae
531 2008 709 2032 Bakhuizenio
727 2007 751 2031 d.
770 2007 801 2031 18
820 2015 855 2031 m.
873 2007 942 2038 Sept.
961 2015 982 2030 a.
1001 2006 1065 2031 1845
1082 2007 1201 2037 scripsit:
1222 2006 1266 2038 „Ik
1287 2005 1380 2035 heheu,
1398 2006 1441 2030 dat
1460 2006 1525 2038 miju

310 2048 518 2072 commentarius
544 2048 682 2079 begonnen
710 2047 731 2071 is
758 2047 798 2071 uit
825 2047 954 2077 polemiek
988 2049 1064 2078 tegen
1092 2047 1226 2070 Hermann
1252 2053 1284 2069 eu
1303 2053 1344 2069 om
1365 2045 1527 2069 Valckenaer

309 2090 387 2118 tegeri
405 2087 484 2111 dezen
504 2088 648 2119 gefeierten
668 2095 727 2111 man
748 2089 773 2110 te
792 2087 957 2110 handhaven.
977 2086 1043 2117 „Het
1062 2086 1084 2109 is
1102 2085 1171 2117 bijna
1190 2085 1222 2108 de
1242 2086 1336 2109 moeite
1355 2085 1411 2109 niet
1422 2085 1526 2109 waard''

310 2129 365 2157 zegt
391 2126 478 2155 Cobet,
497 2127 538 2150 die
557 2129 647 2150 meent
665 2127 708 2150 dat
728 2126 871 2155 Hermann,
889 2126 951 2149 zelfs
970 2126 995 2149 in
1015 2125 1187 2149 Duitschland
1208 2124 1359 2156 uitgediend
1379 2124 1458 2148 heeft.
1478 2124 1526 2148 Ζόὀ

310 2173 356 2189 ver
383 2166 432 2190 heb
450 2166 475 2190 ik
496 2166 541 2190 het
559 2174 609 2197 nog
629 2166 683 2190 niet
701 2166 818 2197 gebragt.
836 2165 908 2189 Maar
927 2167 980 2189 met
997 2165 1047 2188 den
1067 2166 1169 2192 πόλεμσς
1191 2166 1269 2195 tegeri
1288 2164 1422 2188 Hermann
1440 2171 1473 2188 en
1494 2164 1526 2187 de

311 2206 451 2229 vindicatie
470 2213 519 2229 van
540 2206 704 2229 Valckenaer
721 2205 772 2229 kan
791 2205 817 2228 ik
837 2205 892 2228 niet
911 2205 1037 2232 volstaau,
1055 2212 1098 2228 zuo
1117 2204 1143 2227 ik
1163 2204 1218 2228 niet
1236 2204 1286 2227 iets
1305 2203 1447 2235 dragelijks
1464 2211 1526 2227 over

310 2245 341 2268 de
361 2245 476 2276 menigte
502 2245 731 2276 moeijelijkheden
759 2245 806 2268 der
833 2245 877 2268 Ph
889 2252 954 2268 oen
966 2245 972 2268 i
984 2251 1065 2267 ssae
1091 2251 1105 2267 e
1124 2244 1228 2274 proprio
1247 2243 1306 2267 sinu
1327 2250 1389 2266 voor
1408 2243 1458 2267 den
1477 2243 1526 2273 dag

310 2287 377 2307 weet
401 2286 426 2307 te
450 2284 593 2315 brengen’'.
612 2284 847 2316 („Brieswisseling
866 2292 916 2308 van
938 2284 1087 2308 Bakhuizen
1107 2291 1156 2307 van
1175 2284 1226 2307 den
1245 2282 1343 2307 Brink''
1363 2290 1386 2313 p.
1404 2282 1470 2311 194.)
1488 2282 1524 2307 Cf.

313 2324 391 2347 etiam
411 2331 478 2355 quae
498 2324 559 2348 Geel
582 2324 729 2348 Ilamakero
747 2325 853 2355 scripsit
872 2324 908 2355 (p.
927 2323 959 2347 92
978 2323 1140 2348 Hamakerae
1161 2323 1230 2354 Disp.
1249 2323 1310 2354 Lit.)
