1673 2768
704 320 764 349 113

128 413 188 442 243
212 411 355 442 Socrates
381 412 433 450 ait,
458 411 617 451 Lyconem
643 412 704 442 sibi
730 412 912 442 insidiatum
939 422 1008 443 esse
1030 412 1099 451 ὑπὲρ
1120 415 1173 443 τῶν
1187 412 1336 451 ῥητόρων”.

172 467 204 498 P.
242 468 323 498 6480
359 472 484 508 propter
516 469 657 498 dativum
683 469 798 508 optime
823 478 877 508 pro
902 467 1008 499 σ’ίονταιι
1033 470 1193 509 rescripsit
1217 468 1337 499 ἕπονταιι

127 525 159 554 in
200 524 248 554 his
281 524 402 555 verbis:
438 514 608 561 βουλόμενοι
632 524 689 563 γὰρ
713 525 794 563 αὐτῷ
819 524 881 565 (M,
908 526 1021 565 reliqui
1046 525 1130 563 αὐτό)
1153 524 1263 560 πάντες
1286 524 1337 555 xxi

127 579 205 618 δίχα
228 579 362 618 ἀνάγκης
387 579 501 612 ῡῖοντκι.

171 637 204 667 Ρ.
230 637 314 668 661d
341 648 426 668 nuno
449 647 487 668 ex
514 638 613 668 Geelii
634 639 813 669 coniectura
834 638 909 668 haec
930 638 1096 678 leguntur:
1122 638 1200 679 „(vir
1219 636 1335 676 bonus)

127 694 180 730 τὴν
203 693 295 724 αὑτοῦ
320 693 446 724 διάνοιαν
471 694 598 733 κκθοιίρει
622 695 662 733 τῷ
685 694 761 733 λόγῳ
775 694 824 725 και)
839 696 977 733 πειρᾶται
992 694 1137 732 παρέχειν
1149 692 1336 727 ἀδούλευτον,

126 749 203 781 πολὺ
226 752 346 788 μᾶλλον
371 750 437 790 περὶ
461 754 514 786 τῆς
534 751 696 790 ἐλευθερίαις
717 750 891 789 μαιχόμενος
916 751 961 787 ἠδ
974 762 986 781 0
1001 762 1047 781 ναι
1060 754 1097 785 ῖς
1117 762 1151 781 τε
1164 750 1213 780 καὶ
1228 748 1335 786 δόξαις.

126 806 188 837 Pro
224 807 337 843 ἡδοναῖς
362 809 392 838 in
417 808 549 838 cedibus
575 811 622 838 est
646 807 661 843 ἦ
687 807 810 842 ὀδύναις.
834 807 950 838 Reiske
974 808 1064 838 eiecit
1088 805 1115 846 ἢ,
1145 817 1225 847 „quo
1246 807 1337 845 facto,

126 864 230 904 inquit
254 863 339 903 Geel,
363 867 465 895 tamen
492 864 618 905 reliquit
642 865 729 903 illud,
751 865 834 904 quod
856 865 1029 895 sententiae
1052 864 1156 894 minus
1169 864 1334 893 convenit:

127 920 244 951 servire
276 920 525 951 doloribus
550 921 632 951 enim
658 921 690 950 in
716 921 973 961 philosophorum
1000 920 1105 951 schola
1130 929 1222 950 nemo
1247 920 1336 957 dixit,

126 977 181 1007 sed
217 987 236 1006 v
251 977 290 1007 ol
307 987 325 1007 u
340 987 359 1017 p
373 980 384 1007 t
397 977 494 1007 atib
509 987 527 1007 u
542 987 572 1007 s:
609 977 716 1017 itaque
740 978 955 1015 restituamus,
979 978 1011 1007 in
1036 986 1098 1017 quo
1123 976 1225 1006 locum
1252 979 1336 1006 certe

126 1044 142 1067 n
166 1036 301 1072 tueatur,
326 1033 469 1069 ἦδονοιῖς”.

172 1144 298 1175 Praeter
321 1154 373 1175 eas
398 1144 497 1176 Geelii
522 1145 729 1184 coniecturas,
753 1154 833 1185 quae
853 1144 1109 1175 emendationum
1131 1145 1258 1174 nomine
1271 1153 1334 1173 non

125 1201 274 1241 indignae
309 1210 378 1232 esse
414 1201 570 1239 videntur,
607 1211 743 1241 quarum
774 1201 919 1242 exempla
940 1202 1107 1241 hucusque
1131 1201 1232 1239 attuli,
1256 1200 1335 1231 aliae

124 1261 200 1288 sunt
235 1267 355 1298 eaeque
388 1267 451 1288 non
488 1267 615 1298 paucae,
647 1267 736 1298 quas,
770 1259 917 1298 quamvis
942 1267 997 1298 pro
1022 1258 1114 1288 certis
1138 1256 1246 1287 haberi
1271 1266 1334 1287 non

125 1315 257 1355 possint,
299 1317 404 1345 tamen
441 1324 512 1344 cum
549 1315 677 1354 optimis
712 1315 846 1344 aliorum
883 1314 1021 1345 inventis
1057 1313 1141 1344 haud
1177 1314 1333 1344 immerito

125 1372 298 1411 comparari
341 1371 439 1401 liceat.
483 1370 570 1407 Quas
605 1371 714 1401 ordine
750 1380 859 1401 omnes
895 1380 1079 1401 enumerare
1114 1379 1244 1401 necesse
1278 1371 1332 1399 vix

125 1431 209 1468 puto.
245 1427 297 1458 Sic
332 1428 414 1458 enim
451 1437 638 1467 persuasum
674 1426 783 1467 habeo,
819 1427 845 1457 si
876 1427 924 1466 iis,
956 1436 1036 1467 quae
1068 1436 1165 1466 supra
1189 1426 1333 1466 exposui,

124 1484 340 1515 demonstrare
365 1484 440 1514 mihi
465 1494 528 1514 non
553 1484 727 1523 contigerit,
754 1486 903 1523 quantam
930 1486 959 1514 et
972 1493 1067 1523 quam
1082 1483 1190 1513 utilem
1206 1491 1332 1522 operam

124 1541 238 1571 studiis
262 1539 393 1571 Dioneis
417 1540 606 1580 praestiterit
631 1540 678 1569 vir
690 1540 925 1570 eruditissimus
938 1540 1087 1579 idemque
1100 1539 1333 1578 sagacissimus,

124 1607 174 1628 me
209 1598 241 1627 in
278 1597 331 1627 tali
363 1606 405 1635 re,
438 1596 492 1627 ubi
520 1597 626 1627 omnia
646 1597 786 1636 opinioni
812 1606 907 1636 quam
934 1597 1072 1626 maxime
1095 1596 1159 1626 sint
1182 1594 1333 1633 subiecta,

124 1653 277 1684 iudicium
304 1663 408 1683 meum
434 1653 505 1683 aliis
528 1652 660 1692 probare
683 1652 800 1683 frustra
824 1655 1021 1682 conaturum.
