1673 2768
870 269 930 299 150

296 359 386 398 lijden
423 360 455 389 in
491 360 542 390 het
578 360 749 391 Grieksche
783 360 980 401 TreurspeP’,
1016 361 1054 392 de
1087 361 1221 392 Heusdii
1249 361 1404 400 „Brieven
1430 372 1504 393 over

295 416 346 445 het
390 416 560 447 beoefenen
603 417 658 447 der
700 416 916 457 Wijsgeerte”.
958 417 995 447 In
1039 418 1157 448 talibus
1193 418 1296 455 rebus,
1333 429 1351 449 a
1385 419 1504 459 quibus

295 471 402 502 Cobeti
437 474 601 512 ingenium
638 473 833 509 abhorrebat,
869 474 953 511 Geel,
990 478 1024 504 ut
1058 479 1123 505 erat
1156 476 1243 505 varia
1275 485 1311 505 ac
1336 475 1503 515 multiplici

294 528 436 558 doctrina
460 533 599 567 ornatus,
623 529 706 560 haud
730 530 898 560 infeliciter
923 531 1004 561 vires
1030 540 1104 561 suas
1129 536 1281 571 expertus
1307 536 1364 562 est.

340 584 516 615 Plurimum
542 590 646 616 autem
672 590 701 616 et
726 587 789 626 egit
813 590 842 616 et
866 587 966 616 valuit
990 587 1021 616 in
1047 596 1177 627 operum
1192 588 1396 628 antiquorum
1412 592 1502 618 textu

295 642 529 681 interpretando
561 645 590 672 et
614 642 822 672 emendando.
847 642 883 672 In
909 652 971 683 quo
995 652 1110 683 genere
1134 645 1403 684 praestantissima
1429 647 1504 674 sunt

295 707 366 728 cum
402 708 445 735 ea,
477 708 557 738 quae
588 699 651 738 egit
682 699 720 729 de
744 698 967 739 Xenophontis
992 699 1146 740 Apologia
1172 699 1322 739 Socratis,
1347 700 1385 731 de
1409 700 1505 731 Stesi-

296 755 382 784 chori
419 754 592 792 Palinodia,
623 755 660 785 de
685 755 791 785 Aiacis
816 765 879 786 vss.
904 755 1077 786 646—692
1103 756 1229 796 aliaque
1254 766 1347 797 opera
1375 758 1506 795 minora,

296 816 363 841 tum
401 810 512 841 Dionis
548 810 741 851 Olympicus,
774 821 867 852 quem
900 813 1147 843 commentarius
1172 814 1203 843 in
1230 813 1368 853 reliquas
1394 812 1505 843 Dionis

298 867 511 906 Chrysostomi
536 868 691 898 orationes
716 870 869 908 sequitur,
894 873 924 899 et
948 868 1194 899 Phoenissarum
1222 869 1329 901 editio.

342 923 428 964 Opus
477 924 617 954 omnium
655 925 958 964 praestantissimum
998 935 1066 955 mea
1101 926 1227 966 quidem
1267 926 1423 956 sententia
1460 930 1507 956 est

297 979 483 1020 Olympicus
516 990 587 1010 cum
613 982 838 1011 commentario
861 982 893 1011 in
920 982 1000 1011 hanc
1024 986 1053 1012 et
1078 983 1109 1012 in
1136 982 1275 1022 reliquas
1301 981 1414 1012 Dionis
1440 992 1506 1012 ora-

297 1037 407 1067 tiones.

343 1092 388 1123 De
413 1092 523 1124 Dionis
546 1094 803 1134 interpretatione
827 1099 857 1124 et
881 1094 1100 1125 emendatione
1126 1094 1200 1125 Geel
1225 1096 1341 1135 optime
1355 1099 1402 1126 est
1417 1096 1506 1126 meri-

296 1156 354 1180 tus.
382 1149 418 1180 Et
443 1149 571 1180 Schmid
596 1151 626 1179 in
651 1159 752 1190 opere,
776 1151 827 1180 cui
851 1160 965 1181 nomen
992 1155 1039 1182 est
1066 1150 1149 1189 „Der
1174 1151 1396 1190 Atticismus‘'‚
1418 1157 1448 1182 et
1461 1150 1508 1182 De

296 1207 407 1236 Arnim
445 1207 475 1236 in
513 1206 671 1246 praeclara
702 1205 814 1237 Dionis
845 1207 981 1238 editione
1006 1207 1097 1238 valde
1121 1207 1181 1238 sibi
1207 1211 1395 1246 nocuerunt,
1420 1207 1508 1248 quod

297 1273 332 1293 ea
363 1263 427 1294 fere
462 1264 591 1293 omnino
627 1263 846 1304 neglexerunt,
882 1273 963 1304 quae
997 1263 1072 1295 Geel
1108 1265 1145 1294 de
1171 1263 1283 1295 Dionis
1310 1264 1452 1295 fontibus
1477 1268 1507 1295 et

298 1320 336 1350 de
370 1321 438 1350 eius
473 1329 588 1360 genere
620 1320 779 1350 scribendi
804 1320 984 1351 observavit
1000 1319 1032 1360 ¹).
1058 1319 1120 1357 Qui
1146 1322 1408 1351 commentarium
1434 1330 1508 1352 exe-

297 1378 445 1416 geticum.
481 1386 574 1416 quem
611 1376 728 1417 Emper
762 1376 799 1407 ad
836 1375 969 1407 Dionem
1006 1377 1165 1407 inchoavit
1179 1375 1214 1417 2),
1250 1377 1287 1408 ad
1319 1377 1413 1408 finem
1441 1387 1508 1417 per-

298 1433 411 1463 ducere
447 1438 477 1463 et
512 1433 603 1464 edere
638 1438 693 1464 aut
728 1434 795 1474 ipse
830 1435 1091 1465 commentarium
1123 1435 1161 1465 ad
1188 1433 1321 1465 Dionem
1348 1435 1505 1475 integrum

296 1499 484 1530 componere
527 1490 618 1527 volet,
661 1489 760 1521 Geelii
804 1490 1078 1521 observationibus
1114 1495 1143 1521 et
1178 1490 1508 1522 animadversionibus

301 1548 439 1577 maxime
465 1546 675 1577 adiuvabitur.

343 1602 434 1639 Quod
461 1604 499 1633 ad
525 1603 756 1634 emendandum
782 1603 916 1634 Dionem
942 1605 1061 1641 attinet,
1084 1605 1115 1634 in
1142 1603 1287 1635 Sectione
1312 1604 1352 1634 ΙΙ.
1378 1604 1507 1635 demon-

297 1661 393 1699 stravi
414 1659 520 1690 Geelio
544 1661 722 1700 contigisse,
749 1665 783 1690 ut
809 1661 925 1691 multos
950 1659 1061 1691 Dionis
1081 1660 1166 1691 locos
1181 1661 1362 1701 corrigeret,
1377 1664 1407 1692 et
1421 1670 1507 1691 nunc

298 1725 426 1757 quoque
457 1717 533 1747 viris
565 1716 674 1756 doctis⁷
701 1717 755 1757 qui
780 1715 892 1747 Dionis
917 1717 1020 1747 textui
1045 1717 1242 1747 emendando
1268 1727 1394 1757 operam
1420 1717 1506 1756 dant,

298 1776 425 1813 propter
459 1773 596 1803 Arnimii
630 1773 862 1804 festinationem
888 1773 966 1803 nihil
991 1777 1116 1812 restare,
1140 1774 1201 1804 nisi
1227 1778 1261 1804 ut
1285 1773 1323 1804 ad
1349 1774 1508 1804 Arnimia-

299 1839 372 1860 nam
409 1829 590 1868 editionem,
623 1833 656 1860 ut
679 1839 764 1860 nunc
789 1830 916 1870 quidem
942 1834 1056 1869 exstat,
1081 1830 1249 1861 adhibeant
1273 1830 1508 1871 Emperianam,

298 1895 379 1926 quae
413 1885 512 1916 Geelii
547 1896 639 1926 opere
675 1890 705 1917 et
729 1886 880 1917 subsidiis
906 1887 997 1926 quasi
1020 1886 1226 1917 fundamento
1254 1888 1375 1917 nititur.
1401 1886 1504 1917 Etiam

298 1944 323 1974 si
359 1944 547 1983 respicimus
572 1946 694 1974 textum
719 1953 759 1974 ex
782 1943 944 1974 codicibus
968 1943 1181 1973 constituendi
1205 1944 1368 1981 rationem,
1393 1942 1506 1974 Dionis

297 2001 396 2030 oratio
421 1999 503 2035 XII,
532 2010 625 2040 quam
652 1999 726 2030 Geel
751 2010 776 2030 a.
804 2000 886 2030 1840
908 2001 1037 2040 paravit,
1062 2009 1134 2030 eum
1160 2000 1287 2040 optimis
1312 1999 1506 2030 editionibus

298 2061 418 2087 certare
442 2060 550 2097 potest.

342 2112 411 2150 Qua
441 2114 473 2143 in
499 2122 531 2143 re
556 2112 801 2144 Phoenissarum
827 2113 930 2150 editio,
955 2122 1011 2143 sex
1035 2113 1127 2143 annis
1153 2116 1221 2152 post
1247 2113 1279 2142 in
1304 2112 1409 2143 lucem
1435 2121 1505 2153 pro-

329 2248 357 2277 1)
375 2248 412 2272 Cf.
431 2248 518 2280 Sonny
536 2248 570 2272 l.l.
590 2256 614 2279 p.
632 2247 684 2272 133
702 2255 739 2279 sq,

332 2288 358 2315 2)
377 2288 414 2312 Cf.
432 2288 500 2312 Sect.
518 2288 549 2311 11.
569 2295 592 2318 p.
612 2287 643 2311 72
663 2295 700 2319 sq.
