1673 2768
922 325 962 355 74

376 416 424 446 Ad
461 426 486 456 p.
525 415 644 455 55401)
681 427 755 448 cum
790 418 911 458 Toupio
947 418 1029 455 (Em.
1055 419 1087 448 in
1113 417 1200 449 Suid.
1225 418 1249 448 Ι.
1275 428 1303 458 p.
1329 419 1402 453 258)
1430 428 1485 458 pro
1511 419 1547 452 ὡς

331 471 425 502 ἱκκνὸν
450 471 519 503 ὄντα
544 474 664 504 mavult
689 474 724 508 ὥς
749 473 844 504 εἰκόνκ
868 473 955 511 ἔνι-κς
982 474 1148 505 Reiskium
1171 462 1337 515 vituperat,
1362 476 1417 515 qui
1442 484 1547 505 errore

329 532 457 569 propter
491 529 725 561 festinationem
758 531 889 561 minime
913 540 984 561 raro
1009 534 1171 571 tamquam
1195 531 1306 572 Toupii
1331 532 1545 562 coniecturam

329 589 646 617 commemoraverat:
674 586 739 617 ὡσεὶ
765 586 880 617 >cx-dvx.
907 587 998 617 Hanc
1023 588 1107 618 enim
1133 587 1172 618 ob
1196 597 1324 618 causam
1342 587 1545 628 Emper(Ob-

328 643 544 673 servationum
569 653 596 684 p.
623 644 674 681 57)
699 647 939 684 oppugnaverat
959 643 1164 684 Toupianam,
1185 647 1220 674 ut
1233 643 1374 685 putabat,
1386 645 1544 675 coniectu-

328 708 396 729 ram
421 702 451 730 et
475 703 681 740 proposuerat
704 701 771 740 ipse
796 710 941 741 quoque:
969 700 1004 735 εὶς
1029 699 1125 730 εἷκόνκ
1148 699 1227 731 ὄντα.

373 753 495 786 Deinde
531 755 691 796 profectus
722 756 761 786 ab
794 757 842 796 iis,
866 766 947 797 quae
971 757 1054 797 apud
1080 756 1215 788 Dionem
1241 757 1279 788 de
1303 757 1467 788 Platonico
1491 757 1544 788 illo

327 811 441 842 exsilio
478 811 611 843 Homeri
648 812 807 853 leguntur,
842 812 1099 853 Stallbaumium,
1124 814 1200 854 quia
1224 813 1262 844 ad
1285 813 1490 854 Reipublicae
1514 824 1542 854 p.

328 868 411 898 398a
447 869 564 899 iniuria
597 872 803 900 annotaverat
838 880 856 900 a
892 869 1024 900 Platone
1059 879 1122 900 non
1148 869 1334 909 Homerum,
1359 870 1414 901 sed
1439 871 1544 911 potius

329 925 465 964 tragicos
490 928 519 955 et
544 926 682 956 comicos
708 935 724 956 e
748 926 878 957 civitate
902 927 970 965 eici,
994 927 1154 957 revocavit
1178 926 1216 957 ad
1241 937 1269 967 p.
1295 927 1386 957 6000.

369 980 448 1011 Tum
474 982 582 1012 reiecit
608 981 786 1013 Casauboni
811 983 1024 1013 coniecturam
1046 982 1191 1021 εἰρωνικῶς
1212 993 1267 1024 pro
1281 982 1432 1021 εἰρηνικῶς,
1447 993 1542 1024 quam

325 1037 500 1068 Stallbaum
537 1038 586 1068 l.l.
620 1038 812 1078 defenderat,
843 1049 917 1069 nam
942 1038 1083 1077 εἰρηνικῶς
1107 1039 1167 1070 hoc
1193 1039 1259 1070 loco
1283 1039 1382 1080 (apud
1407 1038 1542 1071 Dionem

325 1104 354 1134 p.
378 1095 470 1128 5540)
495 1094 579 1125 idem
604 1104 673 1126 esse
697 1098 794 1136 atque
817 1095 848 1125 οὐ
873 1094 986 1132 emim.

370 1150 534 1182 Postremo
559 1151 714 1192 quaedam
739 1152 888 1193 exposuit
912 1152 950 1183 de
975 1153 1076 1183 ironia
1104 1152 1276 1183 Platonica.

370 1206 526 1248 Persaepe
551 1207 626 1239 Geel
654 1218 736 1248 „non
763 1209 851 1249 vidit,
876 1208 1082 1250 quamobrem
1103 1210 1301 1240 occasionem
1324 1211 1436 1240 nactus
1450 1218 1540 1250 opem

328 1273 391 1293 non
430 1263 523 1295 ferret
558 1264 714 1296 laboranti
749 1265 851 1296 loco'’.
886 1265 938 1296 Sic
971 1266 1125 1297 medelam
1157 1265 1306 1296 adhibere
1337 1268 1471 1296 conatus
1495 1268 1542 1296 est

328 1314 554 1345 diversissimis
586 1315 796 1356 scriptoribus
827 1316 965 1356 Graecis,
988 1316 1062 1347 inde
1087 1316 1125 1347 ab
1150 1316 1352 1347 Anacreonte
1375 1325 1479 1356 usque
1502 1316 1541 1347 ad

325 1368 439 1400 Dionis
474 1371 649 1402 imitatores
663 1370 698 1412 ἓ).
734 1371 816 1403 Raro
851 1372 884 1402 in
920 1372 1129 1413 scriptoribus
1153 1371 1275 1403 Latinis
1299 1381 1424 1413 operam
1450 1382 1540 1403 suam

323 1427 438 1466 posuit,
463 1427 551 1457 velut
575 1427 613 1458 de
638 1437 696 1458 sex
721 1430 845 1459 tantum
871 1427 1031 1459 Ciceronis
1056 1429 1134 1459 locis
1158 1428 1223 1469 egit
1237 1426 1268 1467 3).

367 1482 493 1524 Optime
529 1484 561 1514 in
597 1483 761 1525 Sophoclis
798 1484 873 1516 Oed.
908 1484 972 1516 Col.
997 1495 1042 1516 vs.
1070 1485 1153 1515 1266
1179 1485 1362 1516 coniectura
1385 1484 1540 1516 Herman-

322 1539 417 1570 niana
440 1538 518 1575 πάθη
543 1550 600 1581 pro
626 1540 702 1576 πύθη
728 1544 853 1582 recepta
877 1540 954 1577 ἥκειν
980 1543 1116 1572 mutavit
1139 1543 1172 1572 in
1197 1542 1279 1572 νικῖιν
1294 1543 1324 1580 ⁴).

367 1596 462 1636 Apud
487 1596 679 1637 Dionysium
703 1597 807 1629 Halic.
832 1609 861 1639 p.
887 1599 951 1628 476
976 1598 1095 1636 τίθεμκι
1121 1598 1302 1629 emendavit
1321 1608 1361 1629 ex
1387 1597 1538 1636 mmmm.

368 1652 410 1683 Ut
441 1653 597 1685 Galenum
624 1654 738 1693 (Protr.
763 1665 791 1696 p.
816 1657 836 1685 4
860 1655 958 1693 Will.)
986 1656 1137 1695 „immani
1163 1655 1332 1687 mulierum
1358 1654 1539 1686 calumnia'⁷

321 1708 478 1750 liberaret,
527 1710 670 1751 probavit
719 1712 879 1752 epitheton
928 1712 1013 1753 quod
1050 1715 1097 1743 est
1131 1710 1286 1749 σύμβολον
1319 1711 1448 1749 ἀλογίας
1483 1722 1538 1753 pro

321 1765 467 1804 συμβόλῳ
491 1766 600 1801 ἀνοίαις.

367 1822 539 1854 Proverbia
576 1824 684 1855 Geelio
720 1826 859 1855 maxime
893 1825 980 1855 cordi
1016 1824 1163 1856 fuerunt:
1200 1825 1239 1855 ad
1264 1835 1291 1865 p.
1318 1825 1402 1856 293a
1426 1824 1485 1856 Dio
1510 1827 1538 1856 ei

323 1879 448 1910 videtur
486 1881 577 1921 sequi
614 1881 835 1921 proverbium:
873 1879 929 1919 ὧροι
963 1880 1044 1915 ἄνθος
1080 1881 1198 1920 ἀκμῆςς
1233 1881 1271 1912 de
1307 1881 1433 1912 duobus
1467 1892 1536 1923 pro—

353 2028 380 2058 1)
399 2028 478 2051 Locos
498 2028 609 2052 Dioneos
628 2028 727 2059 ubique
747 2028 895 2052 secundum
914 2028 1057 2052 editionem
1078 2028 1260 2052 Morellianaiu
1279 2029 1396 2052 afferam.

353 2068 379 2097 2)
398 2068 428 2092 In
456 2068 587 2092 indicibus
615 2069 672 2092 eius
700 2068 732 2092 ‘24
750 2068 857 2092 nomina
876 2069 1047 2100 scriptorum,
1067 2069 1108 2100 „in
1127 2068 1224 2099 quibus
1243 2071 1363 2092 tentatur
1383 2069 1536 2099 correctio',

322 2108 505 2132 inveniuntur.

353 2147 380 2175 3)
400 2148 529 2172 Pulchrae
557 2151 619 2172 sunt
638 2148 837 2172 emendationes
855 2148 913 2172 eius
931 2148 958 2172 in
977 2148 1050 2171 Brut.
1070 2155 1090 2172 c.
1108 2147 1148 2177 ⁴29,
1168 2148 1211 2171 ubi
1231 2147 1348 2172 restituit
1368 2148 1471 2179 „lectu”
1490 2156 1536 2180 pro

322 2188 410 2218 „acta”
430 2190 455 2211 et
474 2188 501 2211 in
520 2188 594 2212 Verr.
612 2187 631 2211 1.
650 2187 690 2217 13,
707 2187 739 2211 38
759 2187 847 2218 „nullo
866 2187 952 2211 iudice
970 2188 1093 2218 nequiter
1110 2187 1260 2211 iudicant&
1278 2194 1337 2218 pro:
1351 2187 1438 2219 „nullo
1449 2188 1535 2212 iudice

320 2227 410 2257 equite
430 2227 546 2251 Romano
564 2227 723 2251 iudicante&

355 2265 381 2296 4)
400 2266 455 2294 Qua
483 2267 514 2290 de
542 2267 694 2291 coniectura
722 2266 900 2290 Bakhuizenio
928 2267 1043 2297 scripsit:
1074 2266 1127 2298 „als
1146 2266 1179 2297 gij
1199 2266 1243 2297 mij
1262 2266 1304 2290 die
1389 2269 1535 2296 ontneemt.

322 2306 389 2337 krijg
408 2306 434 2329 ik
454 2314 501 2330 een
521 2308 665 2337 geletterde
685 2308 828 2331 beroerte‘'.
847 2308 896 2339 (Cf.
918 2307 1002 2336 diarii.
1021 2307 1064 2331 eui
1085 2314 1181 2331 nomen
1200 2310 1239 2331 est
1260 2307 1306 2339 „de
1325 2307 1412 2337 Gids·‘‚
1429 2315 1450 2332 a.
1470 2308 1536 2332 1906

323 2347 371 2371 vol.
392 2348 433 2371 111.
453 2355 476 2378 p.
496 2347 564 2377 4⁴25.)
