1673 2768
918 337 958 366 78

376 430 424 462 De
459 432 571 462 Arnim
608 432 640 461 in
677 430 911 461 difficilioribus
944 430 1021 459 locis
1052 428 1192 459 codicem
1225 427 1256 458 M
1282 438 1344 458 non
1371 428 1474 458 denuo
1499 427 1546 457 in-

332 488 445 528 spexit,
481 488 539 518 etsi
574 487 718 526 Dindorf,
753 487 808 527 qui
841 487 925 517 hunc
957 485 1107 524 codicem,
1140 487 1296 525 utsupra
1320 484 1470 523 vidimus,
1493 493 1549 524 per

333 544 439 575 decem
465 553 566 574 annos
594 544 679 574 domi
703 543 865 581 habuerat,
888 543 920 572 in
947 541 1139 582 praefatione
1163 541 1335 571 nonnullas
1359 540 1436 571 alias
1462 540 1547 570 lecti-

333 610 410 631 ones
445 603 542 641 atque
566 599 683 640 Emper
708 599 838 630 tradidit
855 598 888 639 ¹).
914 598 1045 629 Codices
1070 597 1095 628 B
1121 600 1150 628 et
1175 596 1207 636 C,
1232 598 1288 638 qui
1311 597 1484 627 identidem
1510 595 1549 626 ab

335 656 363 687 U
388 659 418 687 et
442 656 467 687 P
492 656 682 697 discrepant,
707 656 819 697 partim
844 658 967 686 tantum
994 654 1127 685 contulit
1143 652 1177 694 2).

377 713 487 752 Sonny
511 714 640 754 triginta
664 713 727 743 iam
752 711 864 742 Dionis
889 711 1013 742 codices
1038 711 1214 741 contulerat
1228 708 1261 749 ³),
1281 719 1353 740 cum
1375 708 1422 740 De
1435 710 1550 739 Arnim

334 770 473 810 primum
509 769 660 800 volumen
697 768 811 806 edidit3
850 768 935 798 huuc
972 777 1034 797 non
1071 769 1156 798 recte
1180 766 1373 797 iudicavisse
1398 768 1488 806 putat
1513 765 1552 795 de

333 826 441 856 codice
476 825 516 864 H,
548 834 642 866 quem
667 826 735 865 ipse
760 824 898 855 melioris
924 826 1016 854 notae
1041 823 1160 854 iudicat
1185 832 1281 863 quam
1308 821 1341 861 P,
1366 831 1438 852 cum
1466 821 1489 852 P
1513 820 1551 851 ab

334 882 481 912 Arnimio
517 881 667 912 omnibus
693 881 764 912 aliis
788 884 1002 922 praeponatur
1014 881 1048 920 ⁴).
1072 879 1161 911 Idem
1186 879 1303 910 multos
1327 879 1414 910 locos
1439 878 1554 917 attulit,

336 939 391 968 ubi
428 937 466 968 ab
502 939 649 968 Arnimio
686 938 837 968 lectiones
865 947 929 968 non
954 940 1037 968 recte
1061 939 1137 967 sunt
1162 938 1296 975 notatae,
1321 944 1440 975 eosque
1464 934 1553 973 tales,

337 995 391 1034 qui
416 995 454 1025 ad
480 995 624 1025 codicum
650 994 836 1025 affinitatem
863 994 996 1024 maximi
1021 993 1084 1024 sint
1109 993 1261 1023 momenti
1275 991 1309 1032 ⁵).

380 1050 491 1090 Sonny
516 1061 647 1092 magnas
672 1050 807 1082 confecit
827 1049 952 1081 tabulas
965 1051 1234 1089 coniecturarum,
1248 1058 1330 1090 quae
1342 1050 1415 1079 ante
1428 1057 1454 1078 a.
1470 1048 1555 1077 1844

337 1107 387 1138 vel
424 1110 493 1148 post
528 1110 605 1138 sunt
639 1107 749 1147 factae,
784 1106 904 1148 quibus
939 1106 987 1138 De
1021 1106 1135 1137 Arnim
1171 1108 1227 1137 aut
1263 1115 1357 1136 suum
1382 1107 1437 1136 aut
1456 1104 1554 1135 Wila-

338 1165 488 1195 mowitzii
531 1167 585 1195 aut
621 1164 708 1194 aliud
744 1173 859 1194 nomen
895 1164 1013 1194 iniuria
1047 1163 1224 1203 adscripsit.
1260 1161 1382 1193 Revera
1417 1161 1555 1191 Arnimii

341 1220 521 1260 „festinatio
557 1220 759 1261 plagularum
795 1219 1119 1261 corrigendarum‘’⁶)
1156 1219 1255 1249 nimia
1288 1218 1358 1249 fuit.
1383 1218 1557 1258 Annotavi,

337 1278 462 1318 quoties
498 1280 580 1308 erret
615 1275 662 1308 De
697 1277 811 1307 Arnim
847 1277 880 1307 in
917 1276 1016 1308 Geelii
1041 1276 1179 1307 editione
1203 1275 1369 1306 laudanda.
1393 1274 1555 1305 Tredecim

336 1334 423 1365 locos
447 1334 556 1364 inveni
581 1352 620 1355 —
646 1343 746 1375 paene
771 1333 925 1365 decimam
947 1335 1066 1374 partem
1088 1333 1231 1363 omnium
1246 1331 1555 1363 Geeliiconiectura-

337 1400 418 1430 rum,
452 1399 534 1431 quae
565 1390 604 1421 ab
640 1390 788 1421 Arnimio
825 1390 1002 1421 afferuntur
1016 1388 1042 1430 ⁷)
1064 1408 1115 1430 —,
1140 1388 1194 1420 ubi
1218 1398 1274 1430 pro
1300 1388 1400 1419 Geelii
1424 1388 1554 1418 nomine

373 1567 398 1598 1)
415 1566 531 1599 „Lituris
548 1566 703 1597 rasurisque
718 1566 820 1590 Claudii
837 1566 954 1590 Naulotii
973 1566 1009 1590 ita
1028 1569 1067 1590 est
1086 1566 1246 1597 depravatus
1265 1566 1298 1595 M,
1317 1568 1347 1589 ut
1365 1565 1427 1596 quid
1448 1572 1462 1589 a
1474 1565 1559 1596 prima

338 1614 417 1630 manu
447 1607 537 1634 suerit,
563 1606 719 1629 difficillime
739 1606 876 1630 interdum
895 1606 1020 1630 eruatur*
1038 1605 1138 1637 (Sonny
1158 1606 1193 1629 l.l.
1216 1613 1239 1636 p.
1258 1605 1310 1633 27).
1330 1605 1414 1628 Etiam
1435 1605 1559 1628 Hammer

338 1646 365 1670 in
384 1646 475 1674 diario,
492 1646 535 1669 cui
556 1653 652 1669 nomen
672 1645 815 1676 „Bursians
832 1645 1072 1674 Jahresberichte'',
1090 1652 1112 1668 a.
1131 1643 1197 1668 1895
1213 1652 1236 1675 p.
1253 1643 1301 1668 135
1312 1644 1479 1675 improbavit,
1490 1643 1558 1674 quod

338 1686 374 1709 De
396 1685 490 1709 Arnim
510 1685 534 1708 M
554 1685 617 1708 locis
637 1684 827 1715 principalibus
846 1692 898 1708 non
917 1684 1079 1715 inspexerat.

371 1724 398 1754 9.)
416 1724 454 1748 Cf.
481 1724 568 1755 Sonny
596 1724 631 1748 l.l.
659 1732 683 1755 p.
703 1723 743 1754 38,
762 1723 803 1753 51,
820 1723 862 1754 52,
879 1723 935 1748 144.
956 1724 1051 1748 Decem
1070 1723 1172 1755 paginis
1193 1723 1317 1747 editionis
1335 1723 1504 1747 Morellianae
1523 1723 1560 1753 (p.

338 1763 507 1793 zoa—2123),
530 1771 595 1794 quas
619 1763 720 1787 contuli
740 1771 800 1787 cum
820 1763 981 1787 editionibus
1000 1763 1081 1787 Geelii
1101 1766 1125 1787 et
1144 1763 1269 1793 Emperii,
1289 1763 1324 1786 De
1344 1762 1436 1787 Arnim
1454 1761 1487 1785 30
1505 1762 1560 1786 fere

338 1804 425 1827 varias
443 1803 576 1832 lectiones,
595 1802 738 1833 praecipue
757 1810 770 1826 e
789 1802 923 1826 codicibus
941 1803 970 1833 A,
988 1802 1016 1833 C,
1036 1803 1064 1834 1),
1082 1802 1110 1834 E,
1131 1803 1227 1826 omisit.

371 1842 398 1873 3)
418 1843 501 1866 Praei.
521 1850 544 1873 p.
564 1842 592 1866 V.

372 1882 398 1911 4)
418 1882 506 1913 Sonny
525 1882 560 1905 l.l.
579 1889 604 1913 p.
623 1881 662 1905 54.

372 1921 399 1951 5)
418 1921 459 1945 Sic
485 1929 508 1952 p.
527 1921 573 1944 74a
593 1921 644 1951 (ed.
665 1920 777 1950 Morell.)
796 1920 828 1944 de
846 1920 1014 1950 lectionibus,
1031 1927 1100 1951 quae
1120 1922 1182 1943 sunt
1199 1919 1339 1948 ἀγελάστος
1357 1919 1411 1950 (U),
1435 1919 1562 1946 „indam-rog

339 1961 392 1991 (V),
410 1960 527 1987 ἑνῆλκτσς
546 1960 640 1990 (Mne)
661 1960 727 1983 nihil
747 1960 782 1983 De
803 1959 896 1983 Arnim
915 1960 1056 1983 annotavit.
1077 1959 1103 1983 P.
1122 1958 1195 1983 100d
1213 1959 1311 1982 iniuria
1322 1959 1410 1982 omisit
1421 1959 1560 1982 lectionem

339 2000 436 2024 codicis
464 2000 482 2024 C
509 2000 553 2029 (cs.
573 2000 654 2023 huius
673 1999 803 2023 Sectionis
821 2006 877 2030 cap.
897 1999 958 2025 Ν.)
978 1999 1004 2024 P.
1024 1998 1096 2029 139³,
1115 1999 1159 2022 ubi
1177 1999 1220 2023 UB
1239 1998 1338 2022 habent
1356 1998 1491 2025 θεσσκλίκς,
1512 1998 1560 2022 VM

339 2039 479 2069 μεσσκδίαις,
506 2039 545 2063 PC
571 2038 696 2068 μεσκόας,
722 2039 802 2063 codex
823 2039 858 2068 M,
876 2039 921 2069 qui
942 2046 956 2062 a
976 2046 1056 2062 manu
1075 2038 1230 2062 correctoris
1250 2037 1353 2068 praebet
1376 2038 1512 2066 θετταλίας,
1530 2037 1562 2061 ab

340 2079 458 2102 Arnimio
486 2079 635 2110 neglegitur
661 2079 706 2109 (cf.
733 2079 814 2102 huius
838 2078 967 2102 Sectionis
992 2085 1047 2108 cup.
1075 2077 1137 2108 1v.).
1163 2077 1200 2101 Ad
1222 2076 1329 2108 11.205a
1348 2077 1384 2100 De
1404 2077 1496 2100 Arnim
1516 2077 1562 2100 ad-

341 2119 446 2149 scripsit
471 2118 541 2143 UBM
565 2118 690 2142 exhibere
717 2117 795 2140 οὐκέτι
822 2119 913 2143 πολλὴν
940 2120 1065 2147 σύστασιν,
1092 2116 1180 2148 Sonny
1201 2119 1290 2140 autem
1310 2116 1443 2140 contendit
1464 2116 1499 2147 (p.
1519 2115 1563 2147 74)

342 2158 362 2181 U
389 2158 446 2181 sine
472 2158 524 2182 ullo
551 2158 631 2181 dubio
657 2157 754 2181 habere
782 2156 872 2183 πολλιῆς
898 2159 978 2188 atque
1013 2157 1050 2180 ita
1077 2156 1163 2180 solum
1183 2156 1265 2180 bonae
1283 2156 1404 2180 lectionis
1423 2156 1563 2187 vestigium

342 2204 469 2225 servasse,
492 2204 571 2228 quam
598 2196 660 2220 Geel
678 2196 792 2220 correxit
812 2196 912 2220 verbis:
932 2195 973 2219 οὐκ
993 2195 1106 2222 ἐπιπολῆς
1125 2198 1249 2218 curi-inv
1270 2195 1313 2223 (ef.
1333 2195 1415 2219 huius
1434 2195 1564 2219 Seetionis

343 2244 397 2267 cap.
417 2237 478 2267 1V.).
497 2237 610 2260 Arnimii
630 2236 824 2266 indiligentiam
843 2236 941 2267 passim
960 2235 1063 2259 notabo.

376 2275 403 2306 6)
422 2276 459 2300 Cf.
477 2276 596 2300 eiusdem
616 2276 690 2306 proll.
708 2284 732 2307 p.
752 2275 856 2300 XXXX.

377 2315 404 2345 7)
422 2315 497 2345 Sunt,
525 2316 546 2339 si
568 2318 638 2339 recte
657 2315 822 2345 enumeravi,
841 2315 954 2345 amplius
973 2314 1035 2346 150;
1054 2313 1144 2338 Cobeti
1164 2313 1219 2337 sere
1241 2313 1290 2337 100
1308 2314 1476 2338 coniecturae
1495 2314 1563 2344 apud

345 2355 496 2378 Arnimium
517 2355 698 2378 inveniuntur.
