1673 2768
726 289 764 318 13

180 381 343 421 Perpauca
375 381 484 419 habeo,
517 390 599 421 quae
631 381 744 412 addam
777 381 815 412 de
839 382 970 420 ratione,
995 391 1090 422 quam
1117 383 1148 412 in
1175 382 1350 413 Anecdotis

132 437 263 468 edendis
289 436 364 468 Geel
390 441 438 467 est
461 441 600 468 secutus.

175 493 272 524 Recte
306 493 465 524 intellexit
501 494 675 525 videndum
708 504 785 533 esse,
817 503 857 524 ne
889 494 1004 534 ederet,
1029 504 1110 535 quae
1134 498 1264 525 auctore
1291 505 1349 525 suo

132 553 238 580 essent
272 550 413 591 indigna,
447 552 633 591 praesertim
667 561 740 581 cum
766 560 834 581 eam
859 551 960 582 fuisse
984 552 1086 592 ipsius
1111 551 1349 582 Hemsterhusii

133 607 286 637 rationem
323 609 549 647 perspexisset,
574 610 609 637 ut
633 608 678 638 nil
702 608 764 638 nisi
788 608 882 648 longe
907 609 1160 648 exquisitissima
1184 617 1224 638 ex
1246 608 1349 639 uberi-

133 662 241 693 oribus
278 663 539 694 annotationibus
575 664 721 704 decerpta
757 663 877 704 publici
912 665 992 695 iuris
1023 664 1147 695 faceret.
1172 664 1218 695 Ea
1242 666 1350 705 itaque

132 720 269 750 resecuit
302 719 387 759 Geel,
414 729 496 760 quae
520 721 672 751 iuvenilis
697 730 819 761 operae,
842 723 897 751 aut
920 721 1062 761 privatae
1085 721 1178 761 plane
1203 722 1350 752 utilitatis

132 777 268 816 speciem
295 786 370 817 prae
395 786 429 808 se
453 776 620 815 ferrent1).

177 833 417 864 Anecdotorum
443 833 680 864 Hemsterhusii
706 834 854 864 volumen
881 835 970 874 prius
986 832 1018 872 2),
1043 834 1128 874 quod
1154 844 1180 864 a.
1207 835 1291 864 1825
1316 835 1348 864 in

132 890 236 920 lucem
261 890 386 930 prodiit,
406 891 548 921 continet
560 891 854 921 animadversiones
868 891 899 921 in
914 890 1091 921 Lucianum
1108 889 1130 927 3)
1144 892 1183 931 (p.
1201 892 1254 920 1—
1269 891 1353 929 163),

131 947 165 977 in
189 946 353 977 Pollucem
379 948 462 987 (-p.
488 947 573 985 220),
597 948 629 977 in
656 946 941 987 Harpocrationem
967 949 1050 987 (-p.
1076 947 1160 985 268),
1180 948 1213 977 in
1227 946 1350 978 Juliani

134 1003 285 1034 Caesares
309 1005 394 1044 (—p.
419 1003 504 1042 286),
527 1004 560 1033 in
585 1003 794 1044 Apollonium
819 1003 979 1034 Rhodium
1005 1006 1089 1044 (—p.
1115 1004 1198 1041 322).

179 1059 248 1090 Has
285 1069 414 1100 quoque
445 1060 666 1090 annotationes
698 1061 816 1100 passim
848 1059 1000 1091 brevibus
1036 1059 1155 1090 notulis
1191 1059 1267 1090 Geel
1302 1060 1349 1090 in-

134 1117 261 1155 struxit,
286 1126 326 1147 ex
351 1116 469 1157 quibus
494 1117 633 1147 maxime
658 1116 873 1147 memorabilia
897 1126 1082 1157 excerpam:

178 1184 205 1213 p.
240 1174 303 1203 194
331 1176 437 1204 narrat
468 1182 502 1204 se
545 1174 666 1214 cepisse
697 1174 866 1204 consilium
892 1173 1004 1204 edendi
1031 1173 1150 1204 scholia
1174 1173 1293 1203 inedita
1317 1174 1349 1203 in

131 1230 321 1267 Aristidem3
350 1240 377 1270 p.
403 1230 466 1260 260
488 1230 624 1270 aliisque
644 1230 722 1260 locis
746 1231 945 1261 coniecturas
966 1229 1097 1270 facit3p.
1112 1230 1185 1269 ⁶275,
1199 1229 1272 1269 300,
1286 1230 1347 1259 311

131 1286 289 1327 discrepat
320 1286 358 1317 ab
390 1286 646 1325 Hemsterhusio,
670 1287 725 1318 sed
750 1297 876 1317 summa
901 1297 972 1317 cum
999 1288 1187 1324 reverentia,
1212 1289 1247 1317 ut
1271 1295 1296 1317 e.
1320 1296 1348 1326 g.

131 1353 158 1383 p.
185 1343 266 1372 275:
295 1343 413 1381 „nolim
438 1342 683 1374 Hemsterhusio
708 1343 848 1384 obloqui,
870 1344 1017 1383 quamvis
1031 1353 1111 1374 usus
1123 1343 1348 1383 genitivorum,

133 1399 186 1429 ubi
222 1400 474 1439 praepositiones
506 1400 723 1440 requirantur,
753 1400 907 1430 latissime
931 1399 1067 1440 pateat'’,
1091 1401 1184 1430 cuius
1208 1400 1347 1439 genetivi

132 1465 210 1486 usus
245 1456 367 1497 aliquot
399 1456 545 1496 exempla
577 1456 682 1493 affert,
709 1456 818 1487 eodem
845 1456 914 1486 loco
939 1455 999 1486 sibi
1024 1456 1055 1485 in
1082 1457 1189 1486 animo
1215 1465 1284 1486 esse
1308 1465 1348 1486 ex

130 1511 234 1543 Dione
258 1513 380 1553 aliquid
405 1513 498 1543 edere
522 1514 636 1543 iterum
663 1513 756 1551 dicit,

175 1579 203 1610 p.
240 1570 321 1599 284:
360 1569 561 1607 „Meinekius
596 1579 681 1608 vero,
716 1570 841 1600 etiamsi
877 1570 945 1609 ipse
977 1569 1017 1599 sit
1041 1569 1160 1609 insigni
1186 1568 1348 1599 doctrinae

131 1627 232 1666 copia,
264 1626 451 1666 ingeniique
486 1626 578 1666 plane
614 1626 770 1666 singulari
806 1626 964 1663 acumine,
996 1625 1080 1655 haud
1117 1634 1211 1665 aegre
1242 1628 1347 1655 tamen

131 1682 259 1721 videbit,
283 1692 373 1712 suam
399 1683 579 1723 opinionem
605 1682 843 1713 Hemsterhusii
867 1682 988 1712 calculo
1014 1680 1251 1722 comprobari”;

176 1749 204 1779 p.
242 1739 323 1769 314:
363 1738 532 1777 „Facetum
569 1742 625 1778 est,
658 1739 742 1779 quod
774 1738 857 1769 idem
891 1741 1001 1779 poetae
1025 1738 1198 1778 (Apollonii
1222 1737 1348 1775 Rhodii)

130 1795 220 1826 Iocus
256 1795 536 1826 Hemsterhusium
573 1796 606 1825 in
643 1796 818 1835 elegantiae
849 1795 1088 1825 admirationem
1115 1795 1228 1834 rapuit,
1253 1803 1346 1834 quem

129 1852 244 1883 idoneo
269 1861 367 1883 sensu
391 1861 497 1883 carere
521 1855 630 1893 postea
654 1852 872 1892 pronuntiavit
892 1850 1114 1889 Brunckius'';
1137 1851 1250 1881 deinde
1271 1860 1347 1891 que—

163 1992 190 2024 1)
209 1993 247 2017 Cf.
266 1993 363 2017 Anecd.
382 1993 466 2017 Praef.
485 2000 509 2023 p.
528 1992 597 2023 XXI,
615 1992 694 2016 XXII.

162 2032 190 2063 2)
208 2032 270 2057 Geel
298 2033 325 2056 in
353 2032 442 2056 animo
468 2032 562 2056 habuit
589 2032 672 2055 altero
697 2031 830 2055 volumine
858 2031 936 2054 edere
955 2033 1056 2054 ceteras
1075 2029 1269 2053 Hemsterliusii
1289 2030 1347 2053 ani-

130 2072 334 2102 madversiones,
361 2072 397 2095 ita
424 2074 453 2095 ut
481 2072 622 2101 Hamaker,
649 2071 744 2094 sodalis
769 2071 835 2099 eius,
854 2071 1015 2101 prospiceret
1035 2070 1074 2099 iis,
1093 2077 1161 2100 quae
1179 2069 1209 2092 ad
1231 2069 1347 2093 Orientis

129 2112 233 2142 linguas
261 2111 439 2142 pertinebant,
465 2112 512 2141 (cs.
535 2111 620 2135 Praef.
645 2118 669 2141 p.
690 2110 793 2140 xxvn,
812 2110 940 2139 XXVIII),
959 2117 1011 2140 quo
1029 2111 1118 2132 tamen
1139 2116 1258 2137 munere,
1277 2109 1346 2139 quod

130 2152 219 2181 sciam,
238 2158 385 2182 numquam
407 2151 565 2181 perfunctus
584 2153 633 2174 est.

162 2190 190 2220 3)
208 2191 321 2214 Eaedem
348 2192 420 2219 sunt,
438 2198 503 2220 quas
522 2198 591 2214 anno
610 2192 671 2213 ante
692 2190 785 2217 forma,
803 2196 870 2219 quae
889 2188 1060 2219 quaternaria
1079 2188 1186 2214 dieitur.
1204 2188 1346 2218 separatim

130 2231 193 2254 Geel
212 2230 339 2254 ediderat.

164 2270 304 2294 Woltersia
332 2269 358 2292 in
386 2268 478 2298 diario,
505 2269 548 2292 cui
576 2276 672 2292 nomen
699 2271 738 2291 est
766 2267 867 2298 „Noord
890 2274 922 2290 en
942 2266 1032 2296 Zuid‘',
1049 2274 1071 2290 a.
1090 2265 1155 2289 1899
1173 2266 1234 2297 (vol.
1254 2265 1346 2293 xxm,

130 2317 154 2340 p.
174 2308 230 2338 470,
248 2308 308 2337 471)
327 2308 373 2331 has
391 2308 456 2331 duas
476 2308 606 2331 editiones
621 2308 730 2331 omnino
749 2306 879 2330 confudit.
