1673 2768
701 330 761 359 115

165 421 311 453 Continet
354 425 475 462 praeter
517 423 738 462 praefationem
786 423 823 452 12
874 423 1062 462 paginarum
1101 423 1162 453 326
1199 424 1331 464 paginas

123 488 256 519 quarum
292 478 539 509 Phoenissarum
576 482 684 510 textus
720 478 859 509 Graecus
897 479 946 517 74,
982 479 1100 509 scholia
1137 480 1177 510 60
1203 481 1333 520 paginas

123 534 275 565 obtinent.

168 590 242 631 Pag.
280 590 317 620 V.
344 590 549 630 praefationis
574 591 612 622 de
635 591 767 622 consilio
792 594 823 622 et
846 592 967 621 ratione
992 591 1068 622 haec
1093 591 1167 622 Geel
1193 593 1335 632 scripsit:

125 650 241 685 „natus
285 649 332 677 est
377 647 427 676 hic
471 646 726 678 Commentarius
770 650 840 687 post
880 647 1060 687 exploratas
1094 646 1273 678 Hermanni
1307 651 1337 678 et

121 702 238 733 Klotzii
270 703 423 733 editiones
456 702 703 733 Phoenissarum
721 702 750 741 ¹),
776 713 875 743 quum
901 702 1084 743 Euripidem
1110 704 1335 744 Aristophanis

121 769 216 789 causa
252 759 357 789 denuo
391 759 536 799 legerem.
563 758 646 796 Quid
671 761 805 790 sentiam
831 759 868 790 de
892 759 1069 790 Hermanni
1095 761 1216 790 ratione
1240 761 1335 791 inter-

122 815 265 856 pretandi
289 816 538 856 recensendique
563 815 686 854 Poetae,
707 816 810 856 deque
835 816 952 846 iudicio
967 816 1052 856 quod
1065 816 1136 846 tulit
1150 816 1188 847 de
1201 816 1335 847 Valcke-

121 872 220 902 naerii
256 871 344 909 κρίσει
380 875 409 902 et
444 871 625 907 ἀθετήσεσιν,
661 873 693 902 in
719 873 776 902 hac
801 872 1000 903 Praefatione
1025 882 1088 903 non
1113 882 1337 912 commemoro,

122 938 315 968 quamquam
353 928 453 958 multa
490 928 651 969 disputare
688 932 826 968 poteram
851 929 889 959 de
913 928 1151 967 Valckenaerio,
1176 929 1214 959 de
1238 929 1336 960 huius

125 984 322 1024 „corrigendi
347 983 504 1024 pruritu”,
530 985 567 1015 de
595 985 775 1023 „doctrinae
800 984 1041 1024 ostentatione'',
1066 985 1103 1016 de
1119 985 1337 1024 „effundendis

121 1040 160 1070 iis
185 1049 266 1080 quae
291 1043 326 1070 ut
350 1041 431 1071 scire
455 1040 573 1070 bonum
600 1041 649 1079 sit,
673 1043 704 1070 at
728 1041 850 1071 nescire
875 1041 993 1070 malum
1019 1050 1082 1070 non
1104 1040 1166 1071 sit'’
1182 1039 1215 1079 2),
1235 1041 1338 1082 deque

122 1096 191 1127 aliis
217 1106 298 1137 quae
318 1098 351 1127 in
376 1106 412 1127 eo
437 1097 623 1137 reprehendi
649 1097 749 1135 video,
775 1106 920 1137 quaeque
945 1100 979 1127 ut
1003 1097 1088 1127 haud
1113 1098 1242 1128 omnino
1264 1106 1338 1129 vere

121 1153 301 1193 culpantur,
332 1154 376 1183 ita
400 1153 608 1184 confunditur
632 1153 768 1183 hominis
793 1154 961 1184 consilium
989 1163 1061 1184 cum
1088 1163 1124 1184 eo
1149 1154 1233 1194 quod
1257 1156 1336 1184 tem-

121 1219 233 1250 porum
271 1210 384 1240 vitium
409 1210 535 1250 dieitur,
561 1210 660 1240 multo
685 1219 759 1240 vero
784 1210 889 1250 potius
914 1211 1091 1240 necessaria
1115 1210 1254 1241 conditio
1279 1214 1335 1249 est,

123 1265 265 1305 pendens
300 1265 353 1295 illa
389 1265 427 1295 ab
464 1265 602 1295 naturali
627 1265 695 1305 lege
718 1266 861 1296 cuiusvis
886 1266 1071 1306 disciplinae
1095 1266 1277 1297 condendae
1301 1276 1337 1296 ac

122 1323 240 1353 sensim
253 1321 373 1352 finibus
387 1323 454 1352 suis
468 1321 783 1353 circumscribendae.
797 1322 858 1353 Sed
873 1323 993 1352 veritus
1007 1332 1076 1352 sum
1093 1331 1133 1353 ne
1145 1322 1338 1361 σκιαμαχίσιν

120 1378 311 1419 ingrederer,
335 1379 362 1408 si
387 1378 611 1418 responderem
636 1379 675 1409 iis
699 1387 780 1418 quae
804 1377 1012 1408 Hermannus
1035 1379 1067 1408 in
1093 1378 1292 1409 Praefatione
1308 1376 1337 1420 3)

153 1519 180 1550 1)
200 1520 346 1544 Hermanni
373 1519 530 1543 Phoenissae
554 1526 576 1542 a.
594 1518 659 1542 1840
678 1519 779 1549 Lipsiae
798 1521 860 1542 sunt
878 1519 972 1547 editae,
990 1518 1083 1542 Klotzii
1102 1526 1124 1542 a.
1142 1518 1207 1542 1842
1227 1518 1335 1543 Gothae.

152 1559 179 1589 2)
198 1560 225 1583 P.
246 1567 269 1583 v.
287 1567 326 1589 sq,
344 1559 557 1582 Hermanuianae
577 1559 745 1589 praefationis
764 1559 828 1582 haec
839 1559 978 1589 leguntur:
990 1558 1075 1590 „Quos
1085 1559 1156 1582 inter
1166 1559 1336 1589 (interpretes

121 1602 147 1623 et
166 1599 282 1628 criticos)
303 1599 349 1629 qui
368 1598 462 1622 merito
482 1599 638 1628 primarium
658 1598 744 1622 locum
763 1601 844 1627 tenet,
861 1598 888 1622 L.
907 1598 934 1622 C.
953 1598 1151 1628 Valckenarius,
1169 1598 1190 1621 is
1209 1600 1257 1627 est,
1276 1605 1337 1629 quo,

121 1641 151 1662 ut
177 1639 263 1662 dicam
286 1638 355 1669 quod
375 1638 468 1667 sentio,
486 1645 534 1661 nee
552 1637 652 1661 doctior
671 1637 755 1667 potuit
777 1637 928 1661 Phoenissis
946 1637 1106 1668 contingere,
1126 1644 1174 1661 nec
1193 1637 1238 1668 qui
1258 1638 1337 1661 lecto-

121 1685 178 1701 rem
206 1677 288 1708 magis
316 1677 459 1701 excruciet.
487 1677 617 1700 Immensa
644 1676 695 1700 fuit
713 1677 740 1700 in
760 1677 803 1700 illo
823 1677 878 1700 viro
896 1677 969 1707 copia
988 1677 1129 1705 doctrinae,
1147 1676 1337 1707 egregiumque

120 1717 271 1748 ingenium:
299 1716 344 1740 sed
372 1717 428 1747 ipsa
454 1716 497 1739 illa
524 1716 563 1739 vis
581 1715 738 1739 eruditionis
756 1716 818 1739 fecit
836 1718 866 1739 ut
884 1723 914 1740 ea
932 1716 1095 1745 abuteretur,
1115 1718 1140 1738 et
1158 1723 1242 1746 quum
1262 1716 1337 1739 modo

120 1756 269 1780 effunderet
297 1763 364 1786 quae
392 1758 420 1779 ut
447 1755 515 1779 scire
540 1755 638 1778 bonum
657 1755 699 1785 sit,
717 1757 743 1778 at
762 1755 864 1779 nescire
884 1762 935 1779 non
955 1756 1054 1779 malum
1073 1757 1123 1784 est,
1140 1755 1215 1778 modo
1234 1755 1337 1779 coniec-

121 1796 189 1819 turis
214 1797 366 1819 attrectaret
399 1802 467 1826 quae
494 1794 633 1818 sanissima
660 1796 731 1823 sunt,
759 1802 830 1818 nunc
856 1797 976 1818 moratur
1002 1795 1127 1818 lectorem
1146 1794 1247 1823 alienis,
1266 1802 1337 1818 nunc

121 1835 212 1866 fatigat
231 1835 336 1858 fastidio
355 1834 531 1864 simplicitatis
549 1834 755 1864 importuneque
774 1834 872 1864 ubique
891 1834 989 1864 aliquid
1011 1833 1131 1857 mutandi
1148 1834 1262 1863 pruritu.
1279 1834 1336 1857 Non

121 1881 180 1898 sum
201 1874 306 1898 nescius
325 1873 501 1904 repetendum
521 1873 545 1896 id
565 1880 621 1896 esse
641 1873 737 1903 partim
753 1880 766 1896 a
783 1873 976 1897 consuetudine
995 1873 1052 1896 eius
1071 1873 1249 1903 popularium,
1268 1873 1335 1903 apud

120 1921 186 1945 quos
204 1921 308 1937 summa
327 1914 384 1937 laus
402 1912 547 1936 habebatur
565 1912 677 1936 multam
696 1912 837 1936 lectionem
852 1915 990 1942 ostentare,
1009 1912 1103 1943 partim
1123 1914 1337 1942 atempore‚quo

121 1953 206 1976 virtus
225 1953 310 1977 critici
331 1952 357 1976 in
377 1952 491 1983 quadam
510 1952 541 1975 ad
563 1951 767 1975 coniectandum
787 1952 971 1982 propensione,
989 1952 1010 1975 si
1033 1951 1072 1974 vel
1090 1951 1171 1975 codex
1191 1951 1287 1982 aliquis
1298 1952 1338 1975 vel

121 1992 215 2016 similis
235 1991 337 2023 antiqui
355 1991 491 2022 scriptoris
510 1991 583 2015 locus
601 1998 693 2014 ansam
713 1991 860 2021 praeberet,
880 1992 962 2021 posita
982 1990 1149 2021 putabatur'⁷.
1167 1990 1247 2014 Paulo
1266 1993 1337 2021 post:

121 2032 183 2063 „qui
210 2031 294 2055 laudis
320 2031 392 2055 illius
418 2031 520 2062 (spuria
545 2038 559 2054 a
579 2030 703 2061 genuinis
721 2031 788 2054 scire
807 2030 982 2061 distinguere)
1001 2030 1184 2060 adipiscendae
1203 2030 1286 2060 gratia
1305 2030 1337 2053 de

121 2071 252 2095 industria
269 2071 432 2102 suspiciones
452 2074 572 2099 venatur,
591 2071 616 2094 in
637 2077 666 2094 eo
685 2070 734 2093 ista
753 2070 834 2094 obelis
852 2069 1024 2094 ostentandae
1041 2069 1216 2100 perspicaciae
1233 2069 1336 2100 cupidi-

122 2113 161 2134 tas
188 2113 319 2141 postremo
346 2111 372 2134 in
399 2110 521 2134 morbum
549 2109 637 2138 vertit,
665 2109 714 2139 ipsi
743 2109 851 2139 quidem
876 2109 922 2139 qui
940 2116 970 2133 eo
988 2108 1078 2132 morbo
1097 2111 1204 2132 tenetur
1222 2111 1336 2140 gratum,

121 2150 179 2174 aliis
197 2153 287 2174 autem
307 2150 524 2174 molestissimum
543 2152 569 2173 et
587 2156 654 2180 pene
673 2148 892 2172 intolerabilein''.

154 2189 181 2218 3)
201 2189 379 2213 Bakhuizenio
397 2189 422 2213 d.
441 2188 472 2212 17
491 2196 525 2213 m.
544 2188 619 2212 Febr.
637 2196 659 2212 a.
678 2187 742 2211 1845
761 2188 877 2218 scripsit:
897 2188 960 2219 „Uw
979 2187 1073 2211 bezoek
1092 2187 1126 2218 bij
1147 2187 1197 2210 den
1209 2186 1337 2211 Comthur

121 2229 169 2260 (se.
189 2229 384 2258 Hermannum)
403 2229 475 2252 heeft
495 2228 538 2259 mij
559 2227 745 2259 geamuseerd;
766 2235 838 2251 maar
857 2227 902 2250 het
921 2227 942 2250 is
962 2234 1012 2257 nog
1032 2227 1086 2250 niet
1105 2233 1212 2257 genoeg,
1232 2229 1283 2250 wat
1302 2226 1335 2258 gij

121 2270 188 2299 zegt,
213 2268 272 2299 „dat
298 2275 357 2291 men
385 2268 445 2291 hem
464 2268 530 2299 zijue
549 2267 675 2297 praefatio
696 2274 755 2290 voor
773 2267 805 2290 de
824 2267 981 2290 Phoenissae
1001 2266 1055 2289 niet
1075 2265 1221 2296 vergeest⁷‘:
1241 2266 1273 2289 de
1292 2273 1336 2297 ge-

123 2308 197 2331 heele
224 2307 304 2331 editie
330 2307 368 2331 zal
395 2307 430 2331 ik
458 2307 519 2331 hem
538 2306 609 2330 nooit
630 2306 784 2337 vergevers'.
803 2304 1055 2337 („Brieswisseling''
1075 2312 1098 2335 p.
1116 2304 1184 2335 100).
1202 2304 1240 2329 Cf.
1256 2305 1337 2329 huius

122 2345 235 2371 Section.
254 2353 310 2377 cap.
328 2346 359 2370 11.
377 2346 389 2377 ἓ
407 2345 431 2369 2.
