1673 2768
856 288 918 317 148

281 379 507 421 Sphingis
554 381 832 421 compressi,
878 380 1077 419 eiusque
1124 382 1350 411 terrorem
1395 380 1491 412 abo-

282 436 392 475 levi,
429 446 546 467 nunc
578 446 656 477 ego
688 437 789 477 ipse
820 445 961 476 regno
994 438 1035 466 et
1068 436 1243 467 honore
1274 438 1491 477 privatus

281 493 290 522 i
304 502 323 522 n
359 501 376 523 e
388 502 409 522 x
424 493 482 523 sil
497 494 505 522 i
520 503 540 523 u
556 503 583 523 m
620 494 682 524 eii
697 493 766 523 cio
780 503 802 523 r.
839 492 1014 532 Expulerat
1039 491 1181 533 Oedipus
1201 492 1386 534 Sphingem,
1406 504 1492 525 nunc

281 549 290 578 i
305 558 323 589 p
337 559 351 579 s
365 558 381 579 e
405 549 582 589 expellitur.
607 549 676 580 Hoc
701 549 857 590 expedito,
881 549 950 579 iure
975 558 1033 579 suo
1057 548 1179 579 admitti
1201 552 1303 589 potest
1315 549 1491 581 Hermanni

281 606 431 636 correctio
456 605 579 645 οἰκτρῶς,
603 615 796 646 quamquam
822 615 885 635 non
911 605 1002 645 plane
1028 605 1234 636 necessaria‘'.

325 715 422 747 Hisce
460 726 542 755 ⁷‚non
579 716 671 756 plane
708 715 907 746 necessaria”
945 716 1057 746 leniter
1088 715 1309 747 Hermannum
1335 720 1493 758 postremo

282 773 455 812 vituperat:
493 776 567 803 sunt
602 773 632 802 in
670 772 917 802 Phoenissarum
954 771 1187 802 Commentario
1223 782 1239 802 a
1273 783 1369 803 manu
1395 773 1493 804 Geelii

283 828 376 859 verba
411 832 576 869 postrema.
608 828 679 859 Non
712 829 843 869 impune
877 828 1041 859 Hermann
1059 826 1081 866 1)
1106 829 1274 869 scripserat
1299 829 1492 861 Valckenae—

282 886 363 916 rium
402 885 515 924 „modo
543 886 733 916 coniecturis
765 888 965 924 attrecta(re),
989 895 1069 926 quae
1094 886 1263 916 sanissima
1288 887 1383 926 s(i)nt‚
1407 897 1494 917 nunc

283 941 423 982 moram)
463 942 611 972 lectorem
655 942 776 981 alienis,
812 952 899 972 nunc
933 942 1086 982 fatiga(re)
1120 942 1247 973 fastidio
1283 943 1494 983 simplicitatis

281 999 527 1039 importuneque
564 998 683 1039 ubique
715 999 834 1039 aliquid
868 998 1011 1029 mutandi
1047 999 1202 1039 pruritu”.
1228 999 1494 1031 Luculentissime

282 1054 357 1085 Geel
380 1055 528 1085 refutavit
552 1056 643 1086 istam
669 1055 844 1086 Hermanni
869 1056 1111 1095 accusationem,
1136 1056 1317 1087 felicissime
1342 1057 1492 1088 honorem

282 1112 430 1142 nostratis
455 1112 603 1152 philologi
630 1112 769 1143 defendit
794 1115 890 1152 atque
915 1112 1096 1142 vindicavit.

325 1167 386 1199 Sed
411 1168 482 1208 plus
507 1168 595 1198 fecit:
621 1170 739 1208 optime
763 1169 846 1199 enim
873 1168 989 1199 multos
1013 1168 1098 1199 locos
1124 1168 1318 1200 difficiliores
1342 1170 1494 1210 interpre-

282 1227 366 1255 tatus
402 1227 457 1263 est,
491 1234 547 1255 nec
573 1234 635 1255 non
660 1225 855 1265 corruptelas
881 1226 997 1265 passim
1023 1225 1150 1256 detexit.
1176 1220 1364 1266 Prosperius
1388 1229 1493 1257 tamen

282 1282 309 1311 ei
345 1291 395 1312 res
431 1282 525 1312 cessit
560 1282 598 1312 iis
633 1281 719 1321 locis,
755 1281 873 1322 quibus
906 1282 1037 1312 traditae
1069 1282 1244 1322 scripturae
1267 1292 1396 1313 causam
1423 1284 1495 1324 egit,

282 1348 376 1378 quam
408 1339 456 1377 iis,
481 1337 600 1378 quibus
624 1339 823 1369 coniecturas
849 1339 1031 1379 proposuit:
1057 1348 1176 1378 paucae
1200 1339 1269 1369 eius
1294 1340 1495 1371 coniecturae

282 1394 538 1425 emendationum
570 1394 674 1425 locum
707 1394 921 1426 obtinuerunt.
947 1394 1017 1425 Hoc
1043 1404 1116 1425 vero
1141 1404 1309 1426 commune
1334 1396 1493 1436 quoddam

282 1450 381 1481 fatum
417 1450 516 1482 fuisse
552 1451 677 1482 videtur
712 1461 832 1490 eorum,
867 1453 922 1492 qui
959 1451 1205 1482 Phoenissarum
1243 1453 1345 1483 textui
1377 1453 1494 1483 nostris

282 1507 477 1548 temporibus
513 1517 640 1548 operam
677 1508 840 1547 dederunt,
877 1508 962 1548 quod
998 1517 1118 1548 paucae
1154 1517 1262 1539 eorum
1295 1509 1495 1540 coniecturae

283 1565 425 1595 omnium
450 1565 568 1595 iudicio
594 1564 777 1605 probantur.

316 2314 343 2344 1)
362 2315 445 2339 Praei.
464 2323 487 2346 p.
506 2315 534 2339 V.
555 2319 579 2339 et
597 2315 638 2339 VI.
