1673 2768
875 293 936 322 126

342 382 483 414 Eandem
506 383 681 415 Hermanni
706 384 941 415 festinationem
968 385 1114 415 videmus
1139 385 1177 415 ad
1198 395 1243 416 vs.
1264 386 1337 424 428,
1358 386 1396 416 ad
1418 396 1512 426 quem

298 439 462 470 Hermann
509 444 655 471 annotat:
703 441 973 479 „Valckenaerius
1009 441 1047 471 ad
1083 441 1204 471 doctam
1242 441 1280 472 de
1314 440 1513 480 σύγγκμβρες

297 499 327 526 et
351 495 509 533 σύγγκμος
533 496 778 537 disputationem
804 497 927 527 delatus
949 498 999 527 sui
1022 497 1071 527 hic
1093 497 1256 528 dissimilis
1276 497 1343 528 fuit.
1358 498 1511 539 Alioquin

298 552 382 582 hunc
418 561 555 591 versum,
591 553 685 584 sicuti
720 553 872 592 Iortinus,
909 556 942 583 ut
979 563 1110 593 prorsus
1145 554 1286 594 ineptum
1324 554 1512 586 damnasset.

296 608 416 639 [ortino
448 610 568 640 assensi
593 612 668 640 sunt
692 609 755 646 alii,
782 610 1006 650 eieceruntque
1030 609 1215 640 Brunokius
1241 613 1270 640 et
1295 610 1511 653 Porsonus1).

297 664 363 704 Ego
399 675 461 695 non
498 665 699 703 eiiciendum,
735 666 789 696 sed
826 666 1060 696 emendandum
1094 666 1174 696 duxi
1199 670 1322 706 recepto
1345 666 1412 703 ἐμοί
1437 666 1511 708 (pro

297 720 413 762 ἕμός)”.

297 776 365 813 ἐμός
401 778 562 817 scripserit
597 776 686 814 ἐμοίῖ
722 781 777 808 aut
808 787 870 808 non
908 778 1051 818 intelligo
1076 778 1296 809 Hermannum
1321 780 1353 809 in
1378 789 1411 810 re
1436 781 1511 811 satis

449 720 545 752 Recte
577 721 669 752 Geel:
706 722 838 762 „quid?‚
865 722 1013 752 minusne
1036 723 1163 762 ineptus
1189 732 1301 754 versus
1325 727 1381 762 est,
1405 725 1431 754 si
1456 734 1511 764 pro

297 834 471 874 perspicua,
495 837 550 864 aut
574 843 691 874 poenas
716 834 802 864 dedit
827 834 975 865 indecore
1000 835 1181 875 reprehensi
1206 835 1458 867 Valckenaerii''.

341 890 390 920 Ad
416 900 460 921 vs.
486 890 548 920 486
574 890 738 921 Hermann
764 891 840 922 haec
861 891 1024 922 observat:
1041 901 1123 933 „non
1139 901 1207 922 esse
1220 891 1427 932 Euripideum
1443 903 1511 933 pro-

296 947 456 977 nuntiavit
492 946 735 988 (Valckenaer),
770 957 833 977 non
869 948 1137 988 animadvertens,
1162 949 1188 979 si
1214 948 1365 988 deleatur,
1392 949 1512 980 turbari

296 1004 526 1034 cohaerentiam
571 1003 738 1043 dictorum,
780 1003 945 1035 deficiente
984 1004 1069 1045 quod
1105 1005 1293 1045 respondeat
1327 1014 1511 1046 praegresso

296 1059 359 1096 μέν,
395 1069 500 1100 neque
534 1069 603 1090 esse
638 1069 701 1100 quo
736 1061 899 1091 commode
935 1061 1042 1092 referri
1074 1062 1173 1101 possit
1205 1070 1343 1102 sequens
1368 1060 1511 1093 versus’'.

295 1116 470 1147 Subridens
496 1115 585 1146 Geel:
616 1115 754 1155 „Quidni
779 1117 1007 1148 Valckenaerio
1031 1117 1121 1148 licuit
1146 1118 1277 1158 iungere
1314 1117 1367 1155 μὲν
1392 1136 1423 1140 -
1449 1118 1510 1153 κκί,

295 1175 325 1202 et
359 1173 421 1202 iam
458 1176 525 1202 tum
559 1174 639 1203 scire
671 1183 752 1213 quae
776 1177 846 1214 post
871 1183 941 1204 eum
968 1175 1125 1214 praecepit
1149 1173 1314 1204 Hermann
1339 1175 1378 1204 ad
1403 1174 1510 1215 Viger.

294 1239 324 1268 p.
349 1228 444 1258 84st
470 1228 577 1260 Mallet
601 1232 705 1260 autem
732 1229 807 1260 Geel
832 1230 1097 1261 Valckenaerium
1123 1230 1281 1261 iudicasse
1302 1239 1363 1260 non
1386 1234 1508 1261 tantum

295 1285 379 1315 hunc
415 1294 553 1325 versum,
590 1286 645 1316 sed
683 1289 867 1327 sequentem
904 1296 1033 1328 quoque
1056 1287 1201 1318 inutilem
1227 1296 1296 1318 esse
1320 1290 1441 1318 mutato
1466 1297 1509 1318 vs.

294 1342 357 1371 485
383 1341 437 1378 μέν
461 1342 493 1372 in
519 1341 595 1379 ἐμόν.

338 1397 478 1438 Excepto
504 1408 547 1429 vs
573 1399 645 1435 567,
669 1400 701 1429 in
727 1409 790 1439 quo
815 1399 957 1430 haeserat
977 1399 1184 1440 Valckenaer,
1207 1402 1315 1440 utpote
1338 1399 1509 1440 „languido

293 1458 323 1485 et
354 1455 511 1494 inficeto⁷'‚
543 1455 580 1486 de
605 1465 668 1496 quo
693 1458 797 1486 tamen
823 1455 986 1486 Hermann
1013 1456 1196 1496 pronuntiat
1223 1458 1365 1494 „tantum
1390 1455 1510 1494 abesse,

294 1515 328 1541 ut
357 1511 531 1552 quidquam
557 1513 589 1542 in
615 1512 673 1543 hoc
698 1522 792 1543 versu
818 1512 1004 1553 languidum
1029 1516 1084 1543 aut
1109 1512 1269 1543 inficetum
1296 1513 1346 1553 sit,
1373 1516 1407 1543 ut
1431 1513 1508 1542 nihil

293 1568 469 1608 putandum
496 1569 537 1599 sit
562 1569 667 1609 aptius
691 1573 747 1599 aut
770 1569 885 1600 fortius
910 1569 970 1600 dici
995 1568 1167 1610 potuisse”,
1192 1578 1295 1609 usque
1319 1569 1358 1599 ad
1382 1579 1427 1599 vs.
1442 1569 1505 1599 968

293 1623 500 1664 Valckenaer,
531 1643 565 1647 ——
590 1626 665 1656 item
701 1626 799 1665 igitur
824 1625 897 1656 Geel
925 1644 963 1647 —
990 1626 1089 1656 otium
1115 1625 1225 1655 habuit
1249 1625 1287 1655 ab
1312 1624 1507 1655 Hermanno.

292 1680 339 1710 Ibi
376 1680 538 1711 Hermann
577 1682 701 1721 pruritu
739 1681 864 1712 rixandi
901 1682 1068 1712 incitatus:
1109 1681 1205 1722 „quid
1242 1681 1396 1721 dicamus,
1422 1680 1508 1721 quod

292 1746 396 1777 neque
431 1737 484 1767 ille
515 1740 578 1767 tam
603 1738 753 1778 suspicax
779 1737 1037 1776 Valckenaerius‚
1062 1747 1165 1778 neque
1190 1737 1275 1778 quod
1299 1738 1395 1768 sciam
1422 1738 1508 1778 quis-

291 1803 386 1833 quam
422 1793 503 1823 alius
538 1794 623 1824 hunc
654 1797 684 1825 et
715 1798 900 1834 sequentem
934 1804 1061 1825 versum
1087 1795 1212 1834 spurios
1238 1803 1307 1824 esse
1330 1794 1507 1824 iudicavit?

290 1849 448 1880 Nimirum
486 1851 591 1881 nullas
629 1850 823 1891 reperiebant
858 1852 890 1881 in
924 1851 1042 1892 quibus
1067 1852 1231 1882 haererent
1255 1851 1508 1891 phraseologicas

292 1905 471 1936 minutias'’.
510 1905 614 1945 „Quid
646 1906 799 1946 dicamus,
833 1908 938 1948 inquit
963 1907 1048 1947 Geel,
1072 1908 1133 1938 nisi
1158 1917 1210 1938 eos
1236 1908 1312 1938 satis
1336 1907 1508 1947 prudenter

292 1962 329 1992 de
350 1962 409 1992 hoc
434 1962 503 1992 loco
527 1962 728 2002 iudicavisse,
753 1966 782 1994 et
807 1963 891 1994 hunc
915 1963 1091 1994 Hermanni
1117 1965 1269 2004 impetum
1291 1967 1413 1993 tantum
1429 1972 1507 2002 esse,

292 2022 327 2048 ut
361 2022 525 2058 exspectes
562 2022 749 2059 argumenta
784 2020 903 2050 invicta
939 2022 968 2050 et
993 2029 1149 2050 summam
1175 2019 1398 2050 confidentiam
1424 2019 1506 2049 affir-

291 2076 423 2105 mantis:
453 2078 557 2105 tamen
581 2076 752 2106 contractis
776 2076 919 2116 paullum
945 2076 1023 2107 velis
1048 2077 1094 2107 sic
1118 2077 1235 2117 pergit:
1265 2075 1351 2116 „Ego
1377 2076 1505 2116 quidem

291 2132 493 2162 vehementer
527 2140 636 2162 vereor
672 2141 711 2162 ne
735 2133 800 2163 sint
824 2132 862 2163 ab
888 2132 1096 2163 histrionibus
1120 2133 1241 2172 inserti,
1268 2141 1330 2172 quo
1355 2135 1506 2172 paternus

290 2197 378 2218 amor
412 2187 556 2218 Creontis
592 2188 693 2228 magis
728 2188 872 2219 eluceret.
909 2188 1008 2228 Certe,
1040 2189 1066 2219 si
1098 2188 1268 2229 Euripides
1292 2198 1345 2219 eos
1370 2189 1505 2229 scripsit,

322 2304 349 2334 1)
368 2304 465 2327 lortino
483 2305 590 2327 auctore
610 2304 681 2328 hunc
700 2311 807 2328 versum
826 2304 964 2329 Wecklein
984 2304 1060 2328 uncis
1079 2304 1193 2328 inclusit.
