1673 2768
859 264 917 293 152

325 355 399 386 Geel
431 357 462 386 in
489 356 602 386 studiis
626 357 693 386 suis
717 355 996 386 Hemsterhusium
1023 360 1052 386 et
1077 355 1341 385 Valckenaerium
1367 356 1492 395 potissi-

281 422 367 442 mum
404 412 604 452 sequebatur.
638 411 822 442 Ruhnkenii
859 411 983 442 Scholia
1019 413 1051 441 in
1089 411 1233 442 Suetonii
1269 412 1350 442 vitas
1375 411 1490 449 edidit3

280 469 396 508 passim
432 478 607 508 paucorum
640 469 830 508 scriptorum
866 467 1052 498 Latinorum
1088 468 1174 498 locos
1209 468 1396 505 emendavit,
1436 467 1490 498 sed

280 523 440 555 Romanos
465 534 527 554 non
552 524 677 555 amabat
691 524 730 565 ¹).

324 582 353 611 A
377 581 575 621 philosophia
599 590 699 621 eaque
724 580 901 620 disciplina,
917 590 1012 620 quam
1027 590 1084 610 nos
1098 580 1373 620 encyclopaediam
1389 580 1492 611 dicere

280 637 427 676 solemus,
452 647 645 677 quamquam
671 647 734 667 non
760 636 957 675 abhorrebat,
982 641 1085 667 tamen
1112 646 1174 666 non
1200 637 1227 667 is
1240 640 1316 676 erat,
1331 638 1384 676 qui
1398 637 1491 667 ratio-

281 703 336 724 nes
359 698 455 733 atque
479 693 611 724 consilia
636 693 795 723 doctrinae
819 692 1026 733 philologicae
1047 696 1227 733 exponeret.
1241 692 1343 723 Semel
1358 696 1490 729 tantum,

279 751 311 780 in
348 750 619 787 commentatione,
655 758 736 789 quae
772 748 972 779 inscrIbitur:
1013 748 1116 786 „Over
1152 749 1211 779 den
1246 759 1330 789 gang
1354 759 1414 780 van
1439 750 1491 780 het

280 806 456 836 onderzoek
481 807 512 835 in
539 805 628 836 Oude
653 805 878 836 Geschiedenis
903 815 941 836 en
963 805 1107 836 Letteren
1123 815 1160 836 en
1176 805 1309 836 deszelfs
1321 805 1490 846 grenzen‘',

280 863 357 893 tales
381 872 429 893 res
454 863 564 893 leviter
589 862 691 901 attigit
705 860 747 903 ²).

325 919 540 949 Peritissimus
576 922 642 948 erat
673 919 741 948 eius
773 919 848 948 artis
881 918 1017 955 criticae,
1042 927 1123 958 quae
1149 918 1212 958 agit
1237 918 1274 948 de
1298 922 1388 948 textu
1414 918 1491 958 ipso.

280 978 429 1006 Attamen
454 976 546 1005 etiam
573 975 686 1013 altiori,
711 984 792 1015 quae
816 978 956 1013 vocatur,
981 976 1040 1004 arti
1065 975 1191 1005 criticae
1215 984 1340 1015 operam
1368 974 1492 1005 dedisse

280 1042 353 1063 eum
378 1035 506 1072 apparet
531 1041 570 1061 ex
596 1032 664 1062 eius
689 1031 959 1071 disputationibus
985 1031 1023 1061 de
1047 1031 1192 1071 Telepho,
1217 1031 1255 1061 de
1267 1031 1491 1072 Xenophontis

279 1089 434 1129 Apologia
458 1088 604 1125 Socratis,
629 1088 667 1118 de
691 1087 855 1118 nonnullis
883 1086 994 1118 Dionis
1020 1087 1226 1118 orationibus.

323 1144 359 1174 In
385 1149 449 1175 arte
473 1145 579 1174 critica
604 1144 781 1174 exercenda
807 1143 881 1175 Geel
906 1145 1038 1174 minime
1062 1144 1136 1174 fecit
1161 1153 1234 1174 cum
1259 1145 1308 1184 iis,
1326 1144 1401 1184 „qui
1414 1143 1491 1174 nihil

279 1202 420 1232 divinare
457 1211 555 1241 quum
592 1202 726 1241 possint,
761 1201 861 1241 ipsam
899 1201 1126 1231 divinationem
1159 1200 1364 1240 despiciant'‘,
1388 1209 1492 1240 neque

280 1258 378 1297 magis
415 1267 523 1288 eorum
560 1266 629 1288 esse
665 1258 793 1297 cupivit,
832 1258 907 1297 „qui
944 1257 1038 1288 taedii
1070 1257 1270 1297 impatientes
1295 1257 1491 1287 coniiciendo

280 1313 398 1344 mederi
433 1323 466 1344 se
502 1313 773 1353 depravatissimis
808 1316 934 1353 sperent
969 1318 1024 1343 aut
1061 1323 1133 1343 cum
1167 1313 1282 1343 laboris
1314 1314 1491 1344 constantia

279 1371 473 1410 coniungant
507 1369 722 1400 incredibilem
760 1370 946 1400 traditorum
980 1368 1255 1410 contemtum'’³).
1284 1369 1321 1400 In
1346 1370 1385 1400 iis
1409 1373 1491 1400 certe

279 1426 436 1467 operibus,
473 1435 552 1466 quae
577 1425 715 1456 melioris
741 1429 833 1456 notae
858 1430 944 1465 sunt,
970 1426 1055 1456 locos
1081 1425 1225 1456 difficiles
1250 1435 1313 1455 non
1339 1427 1490 1456 continuo

279 1487 400 1513 mutare
438 1486 581 1520 conatur,
614 1482 668 1513 sed
704 1483 792 1522 prius
829 1482 907 1512 solet
943 1483 1145 1522 investigare,
1181 1486 1287 1512 utrum
1324 1482 1489 1513 lectionem

277 1540 421 1570 traditam
446 1540 704 1579 interpretatione
728 1540 811 1569 tueri
835 1539 934 1579 possit
957 1548 1074 1575 necne;
1100 1538 1222 1577 deinde,
1236 1539 1370 1579 siquem
1384 1539 1490 1569 locum

278 1596 497 1627 emendatione
532 1605 623 1636 egere
658 1598 757 1635 putat,
782 1596 920 1625 virorum
946 1595 1110 1626 doctorum
1136 1596 1334 1626 coniecturas
1359 1595 1490 1635 diligen-

278 1654 399 1683 tissime
434 1653 620 1692 conquirere
655 1655 751 1692 atque
786 1651 977 1687 diiudicare;
1014 1652 1142 1692 saepius
1178 1651 1391 1691 postulantem
1417 1660 1489 1682 eum

278 1709 469 1747 audivimus,
495 1712 537 1745 ut,
561 1708 587 1738 si
613 1709 686 1748 quis
711 1709 926 1738 coniecturam
951 1708 1077 1747 faceret,
1102 1708 1199 1738 simul
1221 1711 1402 1748 exponeret,
1427 1717 1489 1748 quo

279 1766 370 1796 modo
414 1766 526 1795 vitium
572 1765 647 1794 oriri
689 1765 861 1804 potuisset;
901 1774 1027 1805 perraro
1064 1765 1263 1795 coniecturas
1298 1765 1329 1794 in
1366 1767 1489 1795 textum

279 1823 482 1862 recipientem
509 1821 658 1852 vidimus.
740 1854 743 1855 ⁷

324 1878 384 1909 Sed
405 1878 550 1908 codicum
576 1877 767 1908 lectionibus
792 1887 902 1917 parum
927 1876 1122 1915 confidebat;
1155 1876 1321 1917 ignorabat
1343 1877 1490 1917 genealo-

279 1936 363 1976 giam
398 1935 550 1975 ipsorum,
586 1943 666 1974 quos
702 1934 742 1964 ad
778 1943 907 1964 manum
944 1927 1089 1972 hab'ebat,
1114 1932 1267 1964 librorum
1293 1934 1489 1974 manuscrip-

280 1996 401 2024 torum:
438 1992 481 2021 ita
517 1990 708 2031 despiciebat
742 1990 897 2028 librarios,
933 1994 968 2020 ut
1000 1999 1243 2030 nonnumquam
1277 1993 1348 2021 ante
1371 1990 1489 2021 codicis

278 2120 310 2143 ad
330 2120 450 2144 Geelium
469 2120 544 2143 datae
563 2122 743 2143 asservantur.
761 2119 832 2142 Alias
851 2119 948 2149 passim
967 2118 1054 2147 attuli,
1071 2118 1134 2142 alias
1153 2118 1264 2150 neglexi.
1275 2126 1336 2142 nam
1346 2119 1395 2143 hoc
1404 2119 1490 2143 solum

280 2160 306 2183 in
325 2160 412 2183 animo
431 2159 519 2189 habui,
538 2161 567 2182 ut
586 2159 618 2182 de
636 2158 724 2183 Geelio
744 2158 874 2189 philologo
893 2158 1000 2182 classico
1017 2165 1131 2189 agerem.

312 2198 338 2228 1)
357 2198 394 2222 Cf.
413 2198 478 2222 Sect.
496 2199 514 2222 Ι.
534 2205 558 2228 p.
576 2197 608 2221 23
625 2205 664 2228 sq.

312 2237 339 2268 2)
357 2238 394 2261 Cf.
413 2237 480 2261 Sect.
500 2238 518 2261 I.
537 2245 560 2268 p.
579 2237 611 2261 2⁶2
629 2244 667 2268 sq.

312 2276 338 2307 3)
359 2276 461 2308 Olymp.
479 2277 560 2307 praef.
579 2284 603 2307 p.
622 2276 690 2300 XIII.
