1673 2768
928 299 968 329 50

341 390 482 430 „Verum
519 392 597 432 quid
631 401 688 432 ego
725 393 842 423 exteris
876 392 929 422 illa
961 392 1172 423 commendo?
1196 392 1390 433 Belgica
1427 396 1553 432 sunt,

338 457 424 477 non
459 447 710 488 leguntur'’
727 447 756 486 ¹).

382 503 433 534 Ex
468 505 610 535 eiusdem
646 505 817 536 voluminis
852 515 879 545 p.
913 505 976 534 264
999 505 1173 545 accipimus
1197 505 1340 536 Geelium
1368 505 1550 544 „literarum

337 560 589 591 emolumentum
635 560 848 601 cogitantem'⁷
896 560 1024 591 Blumio
1060 562 1092 591 in
1130 571 1224 592 usum
1263 560 1551 601 „Observationum

337 616 523 647 Criticarum
548 618 580 647 in
605 617 825 656 Polyaenum’⁷
850 617 1004 648 nonnulla
1028 617 1170 648 subsidia
1193 627 1234 649 ex
1255 618 1380 649 schedis
1392 618 1552 649 Hemster-

335 673 489 713 husianis,
512 673 763 709 Ruhnkenianis,
787 674 954 705 Vossianis
979 674 1061 704 dono
1086 675 1210 706 misisse
1225 673 1258 712 2).

379 729 417 759 In
450 729 621 761 Volumine
650 730 690 760 II.
726 730 886 761 Karstenii
923 730 1147 771 disputationis
1183 731 1340 762 literariae
1376 731 1414 762 de
1449 731 1551 762 tribus

334 785 465 816 Pindari
501 787 697 817 carminibus
733 796 901 817 censuram
937 788 1009 827 egit.
1046 786 1220 818 Confitetur
1255 797 1288 818 se
1319 791 1349 818 et
1380 788 1439 818 hoc
1470 787 1551 818 libro

334 843 471 883 perlecto
503 846 533 873 et
563 843 660 874 Tafeli
692 842 983 874 Dilucidationibus
1016 843 1194 875 Pindaricis
1229 854 1425 885 „numquam
1452 845 1551 885 magis

334 900 545 940 comperi(sse)
579 909 643 930 non
679 900 808 930 omnino
841 909 931 930 veras
967 909 1036 931 esse
1060 910 1169 931 eorum
1195 910 1298 940 voces,
1322 901 1378 941 qui
1402 901 1551 941 antiquos

334 957 503 996 scriptores
539 957 615 987 satis
651 956 826 997 explicatos
861 966 930 987 esse
961 956 1238 997 perhibe(a)nt''3),
1263 957 1366 998 deque
1390 957 1551 988 Karstenii

333 1012 413 1043 libro
437 1013 513 1043 haec
537 1014 678 1044 censuit:
706 1017 885 1052 „auctorem
911 1012 1065 1053 probabili
1089 1013 1220 1053 linguae
1244 1015 1376 1044 scientia
1400 1017 1429 1044 et
1453 1015 1551 1054 poeti-

334 1079 388 1100 cae
412 1069 559 1100 dictionis
584 1072 731 1100 accurata
755 1069 986 1110 observatione,
1009 1070 1083 1100 huic
1106 1070 1224 1101 laboris
1246 1071 1296 1101 sui
1316 1070 1435 1101 fructui
1450 1081 1549 1111 quan-

334 1125 405 1156 dam
454 1127 666 1157 maturitatem
714 1126 916 1157 conciliasse:
963 1129 1031 1157 tum
1067 1127 1295 1167 pulcritudinis
1331 1127 1551 1167 agnoscendae

332 1181 491 1217 facultate,
526 1192 608 1223 quae
643 1183 818 1223 plurimum
853 1183 891 1213 ad
927 1183 1058 1213 Pindari
1093 1183 1333 1224 intelligentiam
1366 1183 1496 1223 confert,
1520 1188 1551 1215 et

332 1238 508 1269 disserendi
543 1240 767 1279 perspicuitate
803 1239 951 1279 effecisse,
987 1242 1022 1269 ut
1057 1249 1121 1269 non
1158 1249 1258 1270 unum
1291 1240 1398 1270 locum
1433 1239 1550 1271 Poetae

330 1295 381 1325 vel
417 1295 532 1326 melius
568 1305 663 1336 quam
699 1297 815 1326 caeteri
850 1295 1042 1336 Interpretes
1077 1299 1251 1336 exponeret
1289 1296 1338 1327 vel
1363 1296 1548 1327 defenderet

334 1351 371 1382 ab
402 1361 512 1382 eorum
537 1352 655 1383 infelici
680 1351 862 1391 conatum).

362 1449 389 1479 1)
407 1449 474 1474 Bibl.
493 1458 530 1474 cr.
548 1458 606 1474 ιαον.
626 1450 680 1474 Vol.
700 1451 719 1474 1.
738 1458 761 1481 p.
778 1449 827 1474 243
845 1458 883 1481 sq.

362 1489 388 1519 2)
408 1490 445 1513 Cf.
463 1490 544 1513 huius
562 1489 692 1514 sectionis
710 1497 735 1520 p.
752 1490 774 1514 8.

363 1528 390 1558 3)
408 1529 443 1553 l.l.
462 1537 486 1560 p.
503 1529 544 1553 42.

363 1568 390 1597 4)
411 1568 446 1592 l.l.
465 1576 489 1599 p.
507 1568 548 1592 45.

363 1608 502 1632 Francken
529 1609 555 1632 in
584 1608 717 1632 Karstenii
744 1609 798 1632 vita
824 1608 1040 1640 („Maatschappij
1068 1608 1114 1632 der
1142 1608 1206 1632 Ned.
1224 1608 1422 1632 Letterkuude”
1441 1616 1463 1632 a.
1485 1608 1548 1632 1865

329 1654 353 1677 p.
371 1646 414 1676 67)
435 1648 498 1671 haec
517 1648 640 1672 exhibet:
661 1648 733 1680 „Aan
752 1648 819 1680 zijne
838 1648 987 1672 dissertatie
1006 1648 1056 1671 had
1076 1648 1189 1672 Karsten
1209 1648 1319 1672 behalve
1337 1648 1387 1679 zijn
1398 1648 1548 1672 doctoralen

328 1686 405 1717 graad
433 1687 464 1710 de
493 1687 666 1718 vriendschap
695 1695 744 1711 van
773 1688 844 1717 Geel,
870 1687 912 1711 die
930 1695 962 1718 op
981 1688 1031 1719 zijn
1050 1688 1179 1711 toekomst
1199 1695 1248 1711 een
1268 1690 1342 1718 groot
1361 1688 1474 1718 gewicht
1494 1688 1546 1711 uit-

327 1726 445 1755 oefende,
462 1729 488 1750 te
506 1726 637 1750 danken.'’

361 1765 508 1796 Karstenio,
535 1767 579 1797 qui
607 1766 632 1790 ei
656 1773 702 1797 pro
721 1773 833 1790 censura
852 1767 950 1797 gratias
967 1769 1065 1797 egerat,
1084 1766 1146 1790 Geel
1165 1766 1189 1790 d.
1207 1765 1236 1789 21
1259 1773 1342 1790 mens.
1362 1766 1419 1790 Iun.
1437 1773 1460 1790 a.
1480 1766 1547 1790 1826

327 1804 391 1828 haee
418 1805 552 1835 respoudit
579 1806 704 1836 (epistula
730 1809 882 1829 asservatur
908 1806 936 1829 in
964 1806 1124 1830 Bibliotheca
1150 1806 1299 1835 Leidensi):
1325 1805 1450 1837 „Summo
1467 1813 1546 1836 opere

327 1844 427 1874 gaudeo
455 1846 480 1868 tc
499 1852 638 1868 censuram
657 1845 744 1876 operis
764 1845 803 1869 tui
821 1852 905 1876 aequo
923 1845 1011 1869 animo
1032 1845 1139 1869 tulisse:
1160 1845 1311 1876 paucissimi
1330 1852 1392 1869 sane
1411 1848 1482 1875 sunt,
1499 1845 1545 1876 qui

327 1883 367 1906 vel
386 1884 524 1907 minimam
543 1885 776 1917 reprehensionem
797 1885 925 1915 patienter
943 1885 1059 1913 audiant,
1077 1892 1126 1908 nec
1144 1885 1325 1915 indignentur,
1344 1885 1371 1908 in
1388 1884 1546 1915 quibusipsi

326 1922 370 1946 diu
398 1923 592 1953 desudaverint,
620 1924 683 1948 haec
709 1924 741 1947 ab
767 1924 834 1951 aliis,
854 1924 941 1948 brevis
959 1927 1060 1948 tantum
1080 1925 1205 1955 temporis
1224 1924 1416 1948 consuetudine
1435 1924 1545 1955 cognita,

327 1962 428 1986 censeri
432 1982 533 1986 .....
551 1963 589 1987 Τυ
610 1971 671 1987 vero
689 1964 763 1994 (uam
782 1963 850 1994 quod
871 1964 956 1994 palam
976 1964 1109 1994 professus
1129 1971 1197 1995 sum,
1217 1964 1361 1994 quominus
1377 1971 1449 1987 nuuc
1467 1971 1543 1994 repe·

326 2004 387 2031 tam,
414 2002 481 2026 nihil
507 2002 627 2033 impedit)
655 2010 682 2026 tu
707 2006 777 2027 recta
796 2003 837 2026 via
856 2003 971 2027 insistis:
990 2011 1073 2034 quare
1094 2011 1180 2034 perge,
1199 2004 1235 2027 mi
1255 2003 1392 2027 Karsteni!
1411 2006 1444 2031 et,
1462 2003 1484 2026 si
1503 2010 1545 2027 me

325 2041 409 2072 audis,
427 2042 454 2065 in
474 2041 522 2065 hoc
538 2049 634 2072 genere
653 2042 767 2071 elabora,
786 2042 813 2066 in
832 2050 884 2073 quo
903 2042 1049 2073 plurimum
1068 2046 1092 2066 te
1112 2047 1243 2073 praestare
1262 2050 1336 2073 posse
1355 2042 1464 2066 senties:
1483 2049 1546 2066 con-

327 2081 469 2104 trahendae
496 2081 567 2105 enim
594 2085 653 2105 sunt
680 2082 780 2112 ingenii
807 2082 885 2112 vires,
904 2089 952 2106 nec
971 2082 1049 2106 latius
1066 2082 1093 2105 in
1113 2082 1161 2106 hoc
1182 2083 1312 2106 immenso
1332 2082 1468 2105 literarum
1488 2089 1544 2105 am-

326 2119 389 2145 bitu,
408 2121 608 2150 exspatiandum
628 2140 633 2144 .
652 2140 657 2144 .
678 2140 682 2144 .

361 2160 395 2183 Ex
422 2160 555 2183 crebriore
583 2160 665 2184 Geelii
685 2164 708 2184 et
728 2160 860 2184 Karstenii
878 2161 1052 2191 epistularum
1071 2161 1229 2184 commercio
1247 2164 1364 2191 apparet,
1382 2164 1544 2191 quantopere

326 2199 457 2223 Karstenii
486 2200 551 2223 vitae
580 2203 602 2223 et
631 2200 780 2224 studiorum
807 2207 902 2224 cursus
928 2200 1016 2224 Geelio
1043 2200 1114 2224 cordi
1141 2201 1229 2224 suerit.
1257 2200 1391 2230 Imprimis
1410 2200 1545 2224 extribus

326 2239 444 2269 epistulis
472 2239 507 2267 (d.
525 2238 541 2262 6
560 2247 643 2263 mens,
662 2240 729 2270 Aug.
747 2247 769 2263 a.
788 2239 865 2266 1839:
892 2240 915 2263 d.
934 2239 949 2263 5
970 2247 1004 2263 m.
1022 2239 1076 2264 Oct.
1096 2247 1118 2263 a.
1137 2239 1216 2269 1839;
1237 2240 1260 2263 d.
1279 2239 1295 2262 9
1314 2247 1348 2263 m.
1367 2239 1420 2263 Ian.
1439 2247 1461 2263 a.
1479 2238 1544 2263 1840

325 2278 405 2303 dalis)
432 2278 615 2302 coniciendum
642 2279 707 2302 mihi
734 2279 838 2303 videtur
865 2279 984 2303 Geelium
1012 2279 1088 2303 enixe
1114 2287 1220 2310 operam
1248 2279 1360 2308 dedisse,
1384 2282 1411 2302 ut
1432 2279 1542 2303 Karsten

325 2317 435 2341 Traiecti
454 2318 483 2340 ad
506 2318 629 2341 Rhenum
650 2319 677 2342 in
698 2318 784 2342 locum
804 2319 912 2342 Heusdii
931 2319 1090 2342 succederet.
