<?xml version="1.0" encoding="UTF-8"?>
<!DOCTYPE html PUBLIC "-//W3C//DTD XHTML 1.0 Transitional//EN"
    "http://www.w3.org/TR/xhtml1/DTD/xhtml1-transitional.dtd">
<html xmlns="http://www.w3.org/1999/xhtml" xml:lang="en" lang="en">
 <head>
  <title>
</title>
<meta http-equiv="Content-Type" content="text/html;charset=utf-8" />
  <meta name='ocr-system' content='tesseract 3.04.00' />
  <meta name='ocr-capabilities' content='ocr_page ocr_carea ocr_par ocr_line ocrx_word'/>
</head>
<body>
  <div class='ocr_page' id='page_1' title='image "./dejacobogeelioph00wienuoft_0170.png"; bbox 0 0 1673 2768; ppageno 0'>
   <div class='ocr_carea' id='block_1_1' title="bbox 869 289 928 318">
    <p class='ocr_par' dir='ltr' id='par_1_1' title="bbox 869 289 928 318">
     <span class='ocr_line' id='line_1_1' title="bbox 869 289 928 318; baseline 0 0"><span class='ocrx_word' id='word_1_1' title='bbox 869 289 928 318; x_wconf 87' lang='grc'>146</span> 
     </span>
    </p>
   </div>
   <div class='ocr_carea' id='block_1_2' title="bbox 286 445 1506 2124">
    <p class='ocr_par' dir='ltr' id='par_1_2' title="bbox 291 445 1503 543">
     <span class='ocr_line' id='line_1_2' title="bbox 334 445 1503 491; baseline 0.006 -16"><span class='ocrx_word' id='word_1_2' title='bbox 334 445 457 476; x_wconf 85' lang='lat' dir='ltr'>Paucas</span> <span class='ocrx_word' id='word_1_3' title='bbox 482 448 605 477; x_wconf 85' lang='lat' dir='ltr'>tantum</span> <span class='ocrx_word' id='word_1_4' title='bbox 631 447 801 487; x_wconf 86' lang='lat' dir='ltr'>adiungam</span> <span class='ocrx_word' id='word_1_5' title='bbox 827 449 1048 479; x_wconf 82' lang='lat' dir='ltr'>annotationes</span> <span class='ocrx_word' id='word_1_6' title='bbox 1072 449 1111 479; x_wconf 89' lang='lat' dir='ltr'>ad</span> <span class='ocrx_word' id='word_1_7' title='bbox 1136 459 1189 480; x_wconf 90' lang='lat' dir='ltr'>eos</span> <span class='ocrx_word' id='word_1_8' title='bbox 1214 460 1328 481; x_wconf 84' lang='lat' dir='ltr'>versus</span> <span class='ocrx_word' id='word_1_9' title='bbox 1341 452 1503 491; x_wconf 84' lang='lat' dir='ltr'>pertinen-</span> 
     </span>
     <span class='ocr_line' id='line_1_3' title="bbox 291 503 972 543; baseline 0.003 -11"><span class='ocrx_word' id='word_1_10' title='bbox 291 504 346 541; x_wconf 77' lang='lat' dir='ltr'>tes,</span> <span class='ocrx_word' id='word_1_11' title='bbox 371 503 427 542; x_wconf 91' lang='lat' dir='ltr'>qui</span> <span class='ocrx_word' id='word_1_12' title='bbox 451 506 632 543; x_wconf 85' lang='lat' dir='ltr'>sequuntur</span> <span class='ocrx_word' id='word_1_13' title='bbox 656 513 717 534; x_wconf 87' lang='lat' dir='ltr'>vss.</span> <span class='ocrx_word' id='word_1_14' title='bbox 746 504 972 534; x_wconf 77' lang='lat'>1369—1371.</span> 
     </span>
    </p>

    <p class='ocr_par' dir='ltr' id='par_1_3' title="bbox 290 557 1505 655">
     <span class='ocr_line' id='line_1_4' title="bbox 334 557 1505 602; baseline 0.006 -14"><span class='ocrx_word' id='word_1_15' title='bbox 334 557 388 589; x_wconf 89' lang='lat' dir='ltr'>Vs.</span> <span class='ocrx_word' id='word_1_16' title='bbox 415 559 498 589; x_wconf 85' lang='lat'>1385</span> <span class='ocrx_word' id='word_1_17' title='bbox 523 558 757 590; x_wconf 84' lang='lat' dir='ltr'>Stadtmuelleri</span> <span class='ocrx_word' id='word_1_18' title='bbox 782 561 962 591; x_wconf 87' lang='lat' dir='ltr'>coniectura</span> <span class='ocrx_word' id='word_1_19' title='bbox 987 560 1104 598; x_wconf 69' lang='grc' dir='ltr'><em>κοὲμκκι</em></span> <span class='ocrx_word' id='word_1_20' title='bbox 1123 560 1146 599; x_wconf 91' lang='lat'>¹)</span> <span class='ocrx_word' id='word_1_21' title='bbox 1170 571 1223 602; x_wconf 89' lang='lat' dir='ltr'>pro</span> <span class='ocrx_word' id='word_1_22' title='bbox 1244 562 1421 600; x_wconf 72' lang='grc' dir='ltr'>στόμχτιίι]</span> <span class='ocrx_word' id='word_1_23' title='bbox 1437 574 1505 595; x_wconf 89' lang='lat' dir='ltr'>ver-</span> 
     </span>
     <span class='ocr_line' id='line_1_5' title="bbox 290 612 571 655; baseline 0.007 -11"><span class='ocrx_word' id='word_1_24' title='bbox 290 612 347 654; x_wconf 88' lang='lat' dir='ltr'>bis,</span> <span class='ocrx_word' id='word_1_25' title='bbox 372 625 453 655; x_wconf 89' lang='lat' dir='ltr'>quae</span> <span class='ocrx_word' id='word_1_26' title='bbox 478 618 571 646; x_wconf 88' lang='lat' dir='ltr'>sunt:</span> 
     </span>
    </p>

    <p class='ocr_par' dir='ltr' id='par_1_4' title="bbox 532 671 1232 712">
     <span class='ocr_line' id='line_1_6' title="bbox 532 671 1232 712; baseline 0.004 -10"><span class='ocrx_word' id='word_1_27' title='bbox 532 671 555 702; x_wconf 79' lang='grc' dir='ltr'>εἷ</span> <span class='ocrx_word' id='word_1_28' title='bbox 578 672 603 702; x_wconf 81' lang='grc' dir='ltr'>δ’</span> <span class='ocrx_word' id='word_1_29' title='bbox 629 671 703 709; x_wconf 66' lang='grc' dir='ltr'>ὄμμ’</span> <span class='ocrx_word' id='word_1_30' title='bbox 730 672 885 711; x_wconf 71' lang='grc' dir='ltr'>ὑπερσχὸν</span> <span class='ocrx_word' id='word_1_31' title='bbox 912 672 987 707; x_wconf 77' lang='grc' dir='ltr'><em>ἴτυος</em></span> <span class='ocrx_word' id='word_1_32' title='bbox 1011 672 1112 712; x_wconf 61' lang='grc' dir='ltr'>ἅτερος</span> <span class='ocrx_word' id='word_1_33' title='bbox 1137 673 1232 711; x_wconf 67' lang='grc' dir='ltr'><em>μάθοι,</em></span> 
     </span>
    </p>

    <p class='ocr_par' dir='ltr' id='par_1_5' title="bbox 289 727 1506 1106">
     <span class='ocr_line' id='line_1_7' title="bbox 532 727 1242 769; baseline 0.004 -11"><span class='ocrx_word' id='word_1_34' title='bbox 532 727 652 766; x_wconf 65' lang='grc' dir='ltr'><em>λόγχην</em></span> <span class='ocrx_word' id='word_1_35' title='bbox 675 728 773 765; x_wconf 69' lang='grc' dir='ltr'><em>ἐνώμκ</em></span> <span class='ocrx_word' id='word_1_36' title='bbox 798 728 927 766; x_wconf 72' lang='grc' dir='ltr'>στόμκτι</span> <span class='ocrx_word' id='word_1_37' title='bbox 956 731 1119 769; x_wconf 65' lang='grc' dir='ltr'>πρεῷθῆνκι</span> <span class='ocrx_word' id='word_1_38' title='bbox 1146 731 1242 761; x_wconf 75' lang='grc' dir='ltr'><em>θέλων.</em></span> 
     </span>
     <span class='ocr_line' id='line_1_8' title="bbox 289 784 1506 829; baseline 0.005 -15"><span class='ocrx_word' id='word_1_39' title='bbox 289 793 525 824; x_wconf 81' lang='lat' dir='ltr'>supervacanea</span> <span class='ocrx_word' id='word_1_40' title='bbox 555 784 598 823; x_wconf 82' lang='lat' dir='ltr'>fit,</span> <span class='ocrx_word' id='word_1_41' title='bbox 623 785 649 815; x_wconf 88' lang='lat' dir='ltr'>si</span> <span class='ocrx_word' id='word_1_42' title='bbox 674 788 744 825; x_wconf 87' lang='lat' dir='ltr'>post</span> <span class='ocrx_word' id='word_1_43' title='bbox 768 785 867 822; x_wconf 65' lang='grc' dir='ltr'><em>ἕνώμκ</em></span> <span class='ocrx_word' id='word_1_44' title='bbox 892 787 1015 827; x_wconf 83' lang='lat' dir='ltr'>virgula</span> <span class='ocrx_word' id='word_1_45' title='bbox 1039 797 1112 817; x_wconf 88' lang='lat' dir='ltr'>cum</span> <span class='ocrx_word' id='word_1_46' title='bbox 1138 787 1245 818; x_wconf 87' lang='lat' dir='ltr'>Geelio</span> <span class='ocrx_word' id='word_1_47' title='bbox 1269 789 1312 819; x_wconf 82' lang='lat' dir='ltr'>ita</span> <span class='ocrx_word' id='word_1_48' title='bbox 1335 790 1445 829; x_wconf 87' lang='lat' dir='ltr'>posita,</span> <span class='ocrx_word' id='word_1_49' title='bbox 1471 793 1506 820; x_wconf 89' lang='lat' dir='ltr'>ut</span> 
     </span>
     <span class='ocr_line' id='line_1_9' title="bbox 289 840 1503 882; baseline 0.006 -12"><span class='ocrx_word' id='word_1_50' title='bbox 289 840 420 877; x_wconf 72' lang='grc' dir='ltr'>στόματι</span> <span class='ocrx_word' id='word_1_51' title='bbox 444 850 516 871; x_wconf 87' lang='lat' dir='ltr'>cum</span> <span class='ocrx_word' id='word_1_52' title='bbox 543 841 704 879; x_wconf 59' lang='grc' dir='ltr'>προφθῆναι</span> <span class='ocrx_word' id='word_1_53' title='bbox 728 842 887 882; x_wconf 79' lang='lat' dir='ltr'>iungatur,</span> <span class='ocrx_word' id='word_1_54' title='bbox 912 843 1066 874; x_wconf 85' lang='lat' dir='ltr'>vocabulo</span> <span class='ocrx_word' id='word_1_55' title='bbox 1092 842 1191 881; x_wconf 64' lang='grc' dir='ltr'><em>στόμα</em></span> <span class='ocrx_word' id='word_1_56' title='bbox 1212 854 1283 875; x_wconf 88' lang='lat' dir='ltr'>cum</span> <span class='ocrx_word' id='word_1_57' title='bbox 1305 845 1413 876; x_wconf 89' lang='lat' dir='ltr'>eodem</span> <span class='ocrx_word' id='word_1_58' title='bbox 1435 855 1503 876; x_wconf 89' lang='lat' dir='ltr'>eam</span> 
     </span>
     <span class='ocr_line' id='line_1_10' title="bbox 289 897 1505 942; baseline 0.004 -15"><span class='ocrx_word' id='word_1_59' title='bbox 289 898 449 928; x_wconf 87' lang='lat' dir='ltr'>notionem</span> <span class='ocrx_word' id='word_1_60' title='bbox 486 897 672 937; x_wconf 80' lang='lat' dir='ltr'>subicimus,</span> <span class='ocrx_word' id='word_1_61' title='bbox 709 908 790 938; x_wconf 85' lang='lat' dir='ltr'>quae</span> <span class='ocrx_word' id='word_1_62' title='bbox 825 902 887 929; x_wconf 90' lang='lat' dir='ltr'>est:</span> <span class='ocrx_word' id='word_1_63' title='bbox 915 900 1098 930; x_wconf 82' lang='lat' dir='ltr'>extremitas</span> <span class='ocrx_word' id='word_1_64' title='bbox 1123 902 1292 939; x_wconf 72' lang='lat' dir='ltr'>mucronis,</span> <span class='ocrx_word' id='word_1_65' title='bbox 1319 911 1402 942; x_wconf 85' lang='lat' dir='ltr'>„qua</span> <span class='ocrx_word' id='word_1_66' title='bbox 1427 901 1505 933; x_wconf 86' lang='lat' dir='ltr'>alter</span> 
     </span>
     <span class='ocr_line' id='line_1_11' title="bbox 289 953 1504 989; baseline 0.005 -6"><span class='ocrx_word' id='word_1_67' title='bbox 289 953 418 984; x_wconf 85' lang='lat' dir='ltr'>alterius</span> <span class='ocrx_word' id='word_1_68' title='bbox 443 954 571 985; x_wconf 89' lang='lat' dir='ltr'>oculum</span> <span class='ocrx_word' id='word_1_69' title='bbox 597 955 645 985; x_wconf 88' lang='lat' dir='ltr'>vel</span> <span class='ocrx_word' id='word_1_70' title='bbox 673 956 802 985; x_wconf 90' lang='lat' dir='ltr'>omnino</span> <span class='ocrx_word' id='word_1_71' title='bbox 826 955 961 986; x_wconf 79' lang='lat' dir='ltr'>frontem</span> <span class='ocrx_word' id='word_1_72' title='bbox 987 959 1163 987; x_wconf 81' lang='lat' dir='ltr'>exstantem</span> <span class='ocrx_word' id='word_1_73' title='bbox 1188 957 1280 988; x_wconf 86' lang='lat' dir='ltr'>ferire</span> <span class='ocrx_word' id='word_1_74' title='bbox 1300 957 1504 989; x_wconf 84' lang='lat' dir='ltr'>conabatur⁷’.</span> 
     </span>
     <span class='ocr_line' id='line_1_12' title="bbox 290 1010 1504 1053; baseline 0.004 -13"><span class='ocrx_word' id='word_1_75' title='bbox 290 1010 390 1041; x_wconf 86' lang='lat' dir='ltr'>Affert</span> <span class='ocrx_word' id='word_1_76' title='bbox 425 1010 500 1041; x_wconf 85' lang='lat' dir='ltr'>Geel</span> <span class='ocrx_word' id='word_1_77' title='bbox 535 1010 570 1041; x_wconf 88' lang='lat' dir='ltr'>Il.</span> <span class='ocrx_word' id='word_1_78' title='bbox 608 1011 626 1041; x_wconf 90' lang='lat'>1.</span> <span class='ocrx_word' id='word_1_79' title='bbox 662 1011 734 1042; x_wconf 88' lang='lat' dir='ltr'>XV.</span> <span class='ocrx_word' id='word_1_80' title='bbox 759 1021 803 1042; x_wconf 85' lang='lat' dir='ltr'>vs.</span> <span class='ocrx_word' id='word_1_81' title='bbox 829 1013 900 1051; x_wconf 77' lang='lat'>389,</span> <span class='ocrx_word' id='word_1_82' title='bbox 926 1022 988 1053; x_wconf 92' lang='lat' dir='ltr'>quo</span> <span class='ocrx_word' id='word_1_83' title='bbox 1013 1014 1096 1043; x_wconf 88' lang='lat' dir='ltr'>conti</span> <span class='ocrx_word' id='word_1_84' title='bbox 1122 1014 1275 1044; x_wconf 88' lang='lat' dir='ltr'>dicuntur</span> <span class='ocrx_word' id='word_1_85' title='bbox 1299 1014 1381 1044; x_wconf 57' lang='lat' dir='ltr'>xxv&amp;</span> <span class='ocrx_word' id='word_1_86' title='bbox 1404 1013 1504 1052; x_wconf 77' lang='grc' dir='ltr'><em>στόμα</em></span> 
     </span>
     <span class='ocr_line' id='line_1_13' title="bbox 291 1066 530 1106; baseline 0.004 -10"><span class='ocrx_word' id='word_1_87' title='bbox 291 1066 394 1104; x_wconf 75' lang='grc' dir='ltr'>εἱμένοι</span> <span class='ocrx_word' id='word_1_88' title='bbox 413 1067 530 1106; x_wconf 68' lang='grc' dir='ltr'><em>χαλκῷ.</em></span> 
     </span>
    </p>

    <p class='ocr_par' dir='ltr' id='par_1_6' title="bbox 286 1123 1504 2013">
     <span class='ocr_line' id='line_1_14' title="bbox 333 1123 1504 1167; baseline 0.004 -14"><span class='ocrx_word' id='word_1_89' title='bbox 333 1123 388 1154; x_wconf 85' lang='lat' dir='ltr'>Vs.</span> <span class='ocrx_word' id='word_1_90' title='bbox 426 1125 508 1154; x_wconf 81' lang='lat'>1430</span> <span class='ocrx_word' id='word_1_91' title='bbox 546 1123 597 1154; x_wconf 81' lang='grc' dir='ltr'>σὺν</span> <span class='ocrx_word' id='word_1_92' title='bbox 633 1123 760 1162; x_wconf 59' lang='grc' dir='ltr'><em>παρθένῳ</em></span> <span class='ocrx_word' id='word_1_93' title='bbox 797 1137 830 1155; x_wconf 86' lang='grc' dir='ltr'>τε</span> <span class='ocrx_word' id='word_1_94' title='bbox 865 1124 916 1155; x_wconf 68' lang='grc' dir='ltr'>και)</span> <span class='ocrx_word' id='word_1_95' title='bbox 954 1126 1099 1165; x_wconf 61' lang='grc' dir='ltr'>προθυμίᾳ</span> <span class='ocrx_word' id='word_1_96' title='bbox 1133 1126 1229 1161; x_wconf 66' lang='grc' dir='ltr'><em>ποδός,</em></span> <span class='ocrx_word' id='word_1_97' title='bbox 1261 1128 1316 1167; x_wconf 90' lang='lat' dir='ltr'>qui</span> <span class='ocrx_word' id='word_1_98' title='bbox 1342 1127 1504 1167; x_wconf 88' lang='lat' dir='ltr'>legebatur</span> 
     </span>
     <span class='ocr_line' id='line_1_15' title="bbox 289 1180 1502 1225; baseline 0.003 -15"><span class='ocrx_word' id='word_1_99' title='bbox 289 1183 376 1221; x_wconf 89' lang='lat' dir='ltr'>post:</span> <span class='ocrx_word' id='word_1_100' title='bbox 412 1181 440 1211; x_wconf 84' lang='grc' dir='ltr'>ἐν</span> <span class='ocrx_word' id='word_1_101' title='bbox 475 1180 549 1219; x_wconf 76' lang='grc' dir='ltr'>τῷδε</span> <span class='ocrx_word' id='word_1_102' title='bbox 573 1181 671 1219; x_wconf 62' lang='grc' dir='ltr'><em>μήτηρ</em></span> <span class='ocrx_word' id='word_1_103' title='bbox 696 1181 711 1216; x_wconf 69' lang='grc' dir='ltr'><em>ἡ</em></span> <span class='ocrx_word' id='word_1_104' title='bbox 737 1180 864 1212; x_wconf 63' lang='grc' dir='ltr'>τοέλκιναι</span> <span class='ocrx_word' id='word_1_105' title='bbox 889 1182 1061 1220; x_wconf 70' lang='grc' dir='ltr'><em>πρεσπίτνει</em></span> <span class='ocrx_word' id='word_1_106' title='bbox 1087 1184 1221 1214; x_wconf 78' lang='lat' dir='ltr'>eiecerat</span> <span class='ocrx_word' id='word_1_107' title='bbox 1245 1183 1442 1214; x_wconf 82' lang='lat' dir='ltr'>Valckenaer</span> <span class='ocrx_word' id='word_1_108' title='bbox 1458 1182 1502 1225; x_wconf 79' lang='grc'>2);</span> 
     </span>
     <span class='ocr_line' id='line_1_16' title="bbox 288 1235 1503 1275; baseline 0.002 -8"><span class='ocrx_word' id='word_1_109' title='bbox 288 1236 390 1268; x_wconf 84' lang='lat' dir='ltr'>Bothe</span> <span class='ocrx_word' id='word_1_110' title='bbox 405 1235 428 1275; x_wconf 82' lang='lat'>³)</span> <span class='ocrx_word' id='word_1_111' title='bbox 463 1247 538 1268; x_wconf 88' lang='lat' dir='ltr'>vero</span> <span class='ocrx_word' id='word_1_112' title='bbox 573 1240 603 1268; x_wconf 90' lang='lat' dir='ltr'>et</span> <span class='ocrx_word' id='word_1_113' title='bbox 638 1237 730 1268; x_wconf 86' lang='lat' dir='ltr'>Klotz</span> <span class='ocrx_word' id='word_1_114' title='bbox 767 1247 839 1269; x_wconf 87' lang='lat' dir='ltr'>eum</span> <span class='ocrx_word' id='word_1_115' title='bbox 865 1240 958 1269; x_wconf 88' lang='lat' dir='ltr'>tutati</span> <span class='ocrx_word' id='word_1_116' title='bbox 983 1242 1081 1270; x_wconf 87' lang='lat' dir='ltr'>erant.</span> <span class='ocrx_word' id='word_1_117' title='bbox 1105 1239 1265 1270; x_wconf 88' lang='lat' dir='ltr'>Ioculator</span> <span class='ocrx_word' id='word_1_118' title='bbox 1290 1239 1365 1270; x_wconf 87' lang='lat' dir='ltr'>Geel</span> <span class='ocrx_word' id='word_1_119' title='bbox 1390 1249 1423 1270; x_wconf 90' lang='lat' dir='ltr'>se</span> <span class='ocrx_word' id='word_1_120' title='bbox 1447 1240 1503 1270; x_wconf 89' lang='lat' dir='ltr'>hos</span> 
     </span>
     <span class='ocr_line' id='line_1_17' title="bbox 288 1293 1502 1337; baseline 0.002 -13"><span class='ocrx_word' id='word_1_121' title='bbox 288 1293 368 1324; x_wconf 88' lang='lat' dir='ltr'>duos</span> <span class='ocrx_word' id='word_1_122' title='bbox 405 1303 467 1324; x_wconf 90' lang='lat' dir='ltr'>non</span> <span class='ocrx_word' id='word_1_123' title='bbox 503 1294 685 1335; x_wconf 83' lang='lat' dir='ltr'>intellegere</span> <span class='ocrx_word' id='word_1_124' title='bbox 721 1295 796 1325; x_wconf 88' lang='lat' dir='ltr'>dicit</span> <span class='ocrx_word' id='word_1_125' title='bbox 835 1296 1003 1335; x_wconf 78' lang='lat' dir='ltr'>„primum‚</span> <span class='ocrx_word' id='word_1_126' title='bbox 1027 1305 1084 1326; x_wconf 90' lang='lat' dir='ltr'>cur</span> <span class='ocrx_word' id='word_1_127' title='bbox 1108 1295 1197 1326; x_wconf 86' lang='lat' dir='ltr'>obliti</span> <span class='ocrx_word' id='word_1_128' title='bbox 1221 1297 1284 1327; x_wconf 89' lang='lat' dir='ltr'>sint</span> <span class='ocrx_word' id='word_1_129' title='bbox 1309 1297 1367 1326; x_wconf 90' lang='lat' dir='ltr'>viri</span> <span class='ocrx_word' id='word_1_130' title='bbox 1393 1297 1502 1337; x_wconf 88' lang='lat' dir='ltr'>optimi</span> 
     </span>
     <span class='ocr_line' id='line_1_18' title="bbox 288 1349 1500 1393; baseline 0.003 -14"><span class='ocrx_word' id='word_1_131' title='bbox 288 1349 458 1388; x_wconf 75' lang='grc' dir='ltr'><em>προσπίτνει</em></span> <span class='ocrx_word' id='word_1_132' title='bbox 495 1351 555 1381; x_wconf 87' lang='lat' dir='ltr'>h.l.</span> <span class='ocrx_word' id='word_1_133' title='bbox 594 1361 656 1381; x_wconf 92' lang='lat' dir='ltr'>non</span> <span class='ocrx_word' id='word_1_134' title='bbox 693 1360 762 1382; x_wconf 87' lang='lat' dir='ltr'>esse</span> <span class='ocrx_word' id='word_1_135' title='bbox 798 1352 1007 1392; x_wconf 86' lang='lat' dir='ltr'>advenit,</span> <span class='ocrx_word' id='word_1_136' title='bbox 1043 1356 1121 1391; x_wconf 76' lang='lat' dir='ltr'>tum,</span> <span class='ocrx_word' id='word_1_137' title='bbox 1157 1353 1316 1393; x_wconf 84' lang='lat' dir='ltr'>quodnam</span> <span class='ocrx_word' id='word_1_138' title='bbox 1343 1353 1500 1384; x_wconf 83' lang='lat' dir='ltr'>auxilium</span> 
     </span>
     <span class='ocr_line' id='line_1_19' title="bbox 289 1407 1500 1449; baseline 0.002 -12"><span class='ocrx_word' id='word_1_139' title='bbox 289 1407 451 1448; x_wconf 87' lang='lat' dir='ltr'>Antigone</span> <span class='ocrx_word' id='word_1_140' title='bbox 475 1408 566 1438; x_wconf 87' lang='lat' dir='ltr'>matri</span> <span class='ocrx_word' id='word_1_141' title='bbox 591 1408 798 1448; x_wconf 88' lang='lat' dir='ltr'>praestiterit:</span> <span class='ocrx_word' id='word_1_142' title='bbox 825 1418 907 1449; x_wconf 87' lang='lat' dir='ltr'>quae</span> <span class='ocrx_word' id='word_1_143' title='bbox 931 1409 1007 1439; x_wconf 83' lang='lat' dir='ltr'>nihil</span> <span class='ocrx_word' id='word_1_144' title='bbox 1034 1409 1136 1440; x_wconf 86' lang='lat' dir='ltr'>facere</span> <span class='ocrx_word' id='word_1_145' title='bbox 1160 1410 1262 1449; x_wconf 87' lang='lat' dir='ltr'>potuit</span> <span class='ocrx_word' id='word_1_146' title='bbox 1286 1410 1347 1440; x_wconf 91' lang='lat' dir='ltr'>nisi</span> <span class='ocrx_word' id='word_1_147' title='bbox 1372 1409 1500 1440; x_wconf 90' lang='lat' dir='ltr'>dorsum</span> 
     </span>
     <span class='ocr_line' id='line_1_20' title="bbox 288 1463 1502 1505; baseline 0.002 -11"><span class='ocrx_word' id='word_1_148' title='bbox 288 1463 429 1495; x_wconf 89' lang='lat' dir='ltr'>Iocastae</span> <span class='ocrx_word' id='word_1_149' title='bbox 452 1464 583 1505; x_wconf 89' lang='lat' dir='ltr'>pellere:</span> <span class='ocrx_word' id='word_1_150' title='bbox 609 1464 689 1495; x_wconf 85' lang='lat' dir='ltr'>hanc</span> <span class='ocrx_word' id='word_1_151' title='bbox 714 1466 798 1495; x_wconf 90' lang='lat' dir='ltr'>enim</span> <span class='ocrx_word' id='word_1_152' title='bbox 835 1468 997 1496; x_wconf 86' lang='lat' dir='ltr'>secuta</span> <span class='ocrx_word' id='word_1_153' title='bbox 1034 1469 1102 1496; x_wconf 90' lang='lat' dir='ltr'>est</span> <span class='ocrx_word' id='word_1_154' title='bbox 1126 1466 1165 1496; x_wconf 89' lang='lat' dir='ltr'>ad</span> <span class='ocrx_word' id='word_1_155' title='bbox 1189 1465 1294 1496; x_wconf 90' lang='lat' dir='ltr'>locum</span> <span class='ocrx_word' id='word_1_156' title='bbox 1320 1467 1502 1497; x_wconf 83' lang='lat' dir='ltr'>certaminis</span> 
     </span>
     <span class='ocr_line' id='line_1_21' title="bbox 289 1520 1500 1561; baseline 0.002 -11"><span class='ocrx_word' id='word_1_157' title='bbox 289 1530 334 1551; x_wconf 91' lang='lat' dir='ltr'>vs.</span> <span class='ocrx_word' id='word_1_158' title='bbox 365 1521 449 1551; x_wconf 80' lang='lat'>1279</span> <span class='ocrx_word' id='word_1_159' title='bbox 482 1521 606 1552; x_wconf 86' lang='lat' dir='ltr'>dicens:</span> <span class='ocrx_word' id='word_1_160' title='bbox 640 1521 711 1558; x_wconf 69' lang='grc' dir='ltr'>ἡγοῦ</span> <span class='ocrx_word' id='word_1_161' title='bbox 744 1520 779 1551; x_wconf 82' lang='grc' dir='ltr'>σὺ</span> <span class='ocrx_word' id='word_1_162' title='bbox 813 1521 883 1560; x_wconf 75' lang='grc' dir='ltr'>πρὸς</span> <span class='ocrx_word' id='word_1_163' title='bbox 907 1521 1084 1560; x_wconf 64' lang='grc' dir='ltr'><em>μεταίχμι’,</em></span> <span class='ocrx_word' id='word_1_164' title='bbox 1109 1522 1139 1552; x_wconf 77' lang='grc' dir='ltr'>οὐ</span> <span class='ocrx_word' id='word_1_165' title='bbox 1164 1521 1341 1559; x_wconf 62' lang='grc' dir='ltr'><em>μελλητέον.</em></span> <span class='ocrx_word' id='word_1_166' title='bbox 1370 1521 1500 1561; x_wconf 89' lang='lat' dir='ltr'>„Diver-</span> 
     </span>
     <span class='ocr_line' id='line_1_22' title="bbox 288 1578 1502 1619; baseline 0.002 -12"><span class='ocrx_word' id='word_1_167' title='bbox 288 1578 431 1608; x_wconf 89' lang='lat' dir='ltr'>sissimas</span> <span class='ocrx_word' id='word_1_168' title='bbox 467 1580 573 1608; x_wconf 87' lang='lat' dir='ltr'>autem</span> <span class='ocrx_word' id='word_1_169' title='bbox 605 1578 688 1608; x_wconf 83' lang='lat' dir='ltr'>inter</span> <span class='ocrx_word' id='word_1_170' title='bbox 719 1587 752 1608; x_wconf 88' lang='lat' dir='ltr'>se</span> <span class='ocrx_word' id='word_1_171' title='bbox 776 1587 835 1617; x_wconf 86' lang='lat' dir='ltr'>res,</span> <span class='ocrx_word' id='word_1_172' title='bbox 860 1578 953 1609; x_wconf 89' lang='lat' dir='ltr'>modo</span> <span class='ocrx_word' id='word_1_173' title='bbox 977 1578 1017 1609; x_wconf 85' lang='lat' dir='ltr'>ad</span> <span class='ocrx_word' id='word_1_174' title='bbox 1043 1588 1138 1609; x_wconf 89' lang='lat' dir='ltr'>unam</span> <span class='ocrx_word' id='word_1_175' title='bbox 1163 1588 1290 1609; x_wconf 85' lang='lat' dir='ltr'>causam</span> <span class='ocrx_word' id='word_1_176' title='bbox 1316 1579 1502 1619; x_wconf 81' lang='lat' dir='ltr'>pertineant,</span> 
     </span>
     <span class='ocr_line' id='line_1_23' title="bbox 286 1633 1502 1674; baseline 0.002 -11"><span class='ocrx_word' id='word_1_177' title='bbox 286 1634 377 1673; x_wconf 85' lang='lat' dir='ltr'>iungi</span> <span class='ocrx_word' id='word_1_178' title='bbox 412 1643 514 1674; x_wconf 78' lang='lat' dir='ltr'>posse,</span> <span class='ocrx_word' id='word_1_179' title='bbox 551 1634 623 1674; x_wconf 86' lang='lat' dir='ltr'>quis</span> <span class='ocrx_word' id='word_1_180' title='bbox 655 1633 794 1674; x_wconf 78' lang='lat' dir='ltr'>negat?”</span> <span class='ocrx_word' id='word_1_181' title='bbox 825 1634 873 1665; x_wconf 87' lang='lat' dir='ltr'>Ita</span> <span class='ocrx_word' id='word_1_182' title='bbox 904 1634 1059 1665; x_wconf 86' lang='lat' dir='ltr'>Klotzius.</span> <span class='ocrx_word' id='word_1_183' title='bbox 1092 1635 1192 1666; x_wconf 91' lang='lat' dir='ltr'>Nemo</span> <span class='ocrx_word' id='word_1_184' title='bbox 1217 1644 1302 1674; x_wconf 86' lang='lat' dir='ltr'>sane,</span> <span class='ocrx_word' id='word_1_185' title='bbox 1327 1636 1353 1666; x_wconf 92' lang='lat' dir='ltr'>si</span> <span class='ocrx_word' id='word_1_186' title='bbox 1389 1635 1502 1666; x_wconf 88' lang='lat' dir='ltr'>bene</span> 
     </span>
     <span class='ocr_line' id='line_1_24' title="bbox 287 1689 1500 1733; baseline 0.002 -13"><span class='ocrx_word' id='word_1_187' title='bbox 287 1691 470 1730; x_wconf 87' lang='lat' dir='ltr'>iungantur.</span> <span class='ocrx_word' id='word_1_188' title='bbox 506 1689 601 1720; x_wconf 82' lang='lat' dir='ltr'>Nunc</span> <span class='ocrx_word' id='word_1_189' title='bbox 636 1700 720 1729; x_wconf 88' lang='lat' dir='ltr'>vero,</span> <span class='ocrx_word' id='word_1_190' title='bbox 752 1701 851 1731; x_wconf 90' lang='lat' dir='ltr'>quum</span> <span class='ocrx_word' id='word_1_191' title='bbox 878 1690 929 1721; x_wconf 80' lang='grc' dir='ltr'>σὺν</span> <span class='ocrx_word' id='word_1_192' title='bbox 954 1691 1083 1730; x_wconf 70' lang='grc' dir='ltr'>ποερθένῳ</span> <span class='ocrx_word' id='word_1_193' title='bbox 1107 1691 1168 1722; x_wconf 77' lang='grc' dir='ltr'>κτὲ.</span> <span class='ocrx_word' id='word_1_194' title='bbox 1194 1701 1256 1722; x_wconf 90' lang='lat' dir='ltr'>non</span> <span class='ocrx_word' id='word_1_195' title='bbox 1281 1693 1380 1732; x_wconf 87' lang='lat' dir='ltr'>possit</span> <span class='ocrx_word' id='word_1_196' title='bbox 1404 1693 1500 1733; x_wconf 88' lang='lat' dir='ltr'>signi—</span> 
     </span>
     <span class='ocr_line' id='line_1_25' title="bbox 286 1746 1499 1788; baseline 0.002 -12"><span class='ocrx_word' id='word_1_197' title='bbox 286 1746 381 1777; x_wconf 86' lang='lat' dir='ltr'>ficare</span> <span class='ocrx_word' id='word_1_198' title='bbox 417 1756 467 1787; x_wconf 91' lang='lat' dir='ltr'>op</span> <span class='ocrx_word' id='word_1_199' title='bbox 482 1756 498 1777; x_wconf 88' lang='lat' dir='ltr'>e</span> <span class='ocrx_word' id='word_1_200' title='bbox 534 1747 745 1787; x_wconf 80' lang='lat' dir='ltr'>virginis</span> <span class='ocrx_word' id='word_1_201' title='bbox 780 1750 836 1778; x_wconf 90' lang='lat' dir='ltr'>cet.</span> <span class='ocrx_word' id='word_1_202' title='bbox 861 1749 1007 1788; x_wconf 86' lang='lat' dir='ltr'>sequitur</span> <span class='ocrx_word' id='word_1_203' title='bbox 1030 1750 1185 1778; x_wconf 88' lang='lat' dir='ltr'>nuncium</span> <span class='ocrx_word' id='word_1_204' title='bbox 1212 1748 1325 1787; x_wconf 76' lang='lat' dir='ltr'>dicere,</span> <span class='ocrx_word' id='word_1_205' title='bbox 1345 1748 1499 1779; x_wconf 83' lang='lat' dir='ltr'>locastam</span> 
     </span>
     <span class='ocr_line' id='line_1_26' title="bbox 287 1802 1498 1845; baseline 0.001 -11"><span class='ocrx_word' id='word_1_206' title='bbox 287 1803 454 1834; x_wconf 86' lang='lat' dir='ltr'>advenisse</span> <span class='ocrx_word' id='word_1_207' title='bbox 478 1802 704 1834; x_wconf 82' lang='lat' dir='ltr'>comitantibus</span> <span class='ocrx_word' id='word_1_208' title='bbox 729 1804 852 1843; x_wconf 83' lang='lat' dir='ltr'>virgine</span> <span class='ocrx_word' id='word_1_209' title='bbox 876 1807 905 1835; x_wconf 88' lang='lat' dir='ltr'>et</span> <span class='ocrx_word' id='word_1_210' title='bbox 929 1805 1088 1835; x_wconf 79' lang='lat' dir='ltr'>celeritate</span> <span class='ocrx_word' id='word_1_211' title='bbox 1112 1804 1199 1845; x_wconf 91' lang='lat' dir='ltr'>pedis</span> <span class='ocrx_word' id='word_1_212' title='bbox 1224 1805 1242 1834; x_wconf 95' lang='lat' dir='ltr'>i.</span> <span class='ocrx_word' id='word_1_213' title='bbox 1257 1814 1281 1835; x_wconf 88' lang='lat' dir='ltr'>e.</span> <span class='ocrx_word' id='word_1_214' title='bbox 1295 1805 1374 1845; x_wconf 90' lang='lat' dir='ltr'>pede</span> <span class='ocrx_word' id='word_1_215' title='bbox 1387 1805 1498 1836; x_wconf 87' lang='lat' dir='ltr'>celeri:</span> 
     </span>
     <span class='ocr_line' id='line_1_27' title="bbox 286 1857 1498 1901; baseline 0.002 -12"><span class='ocrx_word' id='word_1_216' title='bbox 286 1860 395 1900; x_wconf 89' lang='lat' dir='ltr'>itaque</span> <span class='ocrx_word' id='word_1_217' title='bbox 419 1862 482 1890; x_wconf 89' lang='lat' dir='ltr'>tres</span> <span class='ocrx_word' id='word_1_218' title='bbox 506 1859 692 1890; x_wconf 82' lang='lat' dir='ltr'>festinanter</span> <span class='ocrx_word' id='word_1_219' title='bbox 715 1857 899 1891; x_wconf 85' lang='lat' dir='ltr'>advenisse:</span> <span class='ocrx_word' id='word_1_220' title='bbox 925 1860 1090 1899; x_wconf 80' lang='lat' dir='ltr'>Iocastam‚</span> <span class='ocrx_word' id='word_1_221' title='bbox 1114 1862 1307 1901; x_wconf 85' lang='lat' dir='ltr'>Antigonam</span> <span class='ocrx_word' id='word_1_222' title='bbox 1323 1864 1352 1891; x_wconf 91' lang='lat' dir='ltr'>et</span> <span class='ocrx_word' id='word_1_223' title='bbox 1365 1861 1498 1892; x_wconf 88' lang='lat' dir='ltr'>celerem</span> 
     </span>
     <span class='ocr_line' id='line_1_28' title="bbox 286 1915 1500 1957; baseline 0.002 -12"><span class='ocrx_word' id='word_1_224' title='bbox 286 1915 397 1956; x_wconf 90' lang='lat' dir='ltr'>pedem</span> <span class='ocrx_word' id='word_1_225' title='bbox 432 1915 582 1946; x_wconf 85' lang='lat' dir='ltr'>locastae.</span> <span class='ocrx_word' id='word_1_226' title='bbox 615 1915 707 1947; x_wconf 89' lang='lat' dir='ltr'>Malis</span> <span class='ocrx_word' id='word_1_227' title='bbox 731 1926 807 1947; x_wconf 89' lang='lat' dir='ltr'>sane</span> <span class='ocrx_word' id='word_1_228' title='bbox 830 1917 1024 1957; x_wconf 80' lang='lat' dir='ltr'>Antigonam</span> <span class='ocrx_word' id='word_1_229' title='bbox 1051 1927 1113 1947; x_wconf 89' lang='lat' dir='ltr'>non</span> <span class='ocrx_word' id='word_1_230' title='bbox 1139 1917 1335 1948; x_wconf 84' lang='lat' dir='ltr'>intercedere</span> <span class='ocrx_word' id='word_1_231' title='bbox 1359 1917 1500 1948; x_wconf 79' lang='lat' dir='ltr'>locastae</span> 
     </span>
     <span class='ocr_line' id='line_1_29' title="bbox 287 1972 674 2013; baseline -0.003 -10"><span class='ocrx_word' id='word_1_232' title='bbox 287 1973 421 2013; x_wconf 88' lang='lat' dir='ltr'>eiusque</span> <span class='ocrx_word' id='word_1_233' title='bbox 445 1973 517 2013; x_wconf 86' lang='lat' dir='ltr'>pedi</span> <span class='ocrx_word' id='word_1_234' title='bbox 541 1972 674 2003; x_wconf 89' lang='lat' dir='ltr'>celeri!⁷’</span> 
     </span>
    </p>

    <p class='ocr_par' dir='ltr' id='par_1_7' title="bbox 330 2029 1292 2069">
     <span class='ocr_line' id='line_1_30' title="bbox 330 2029 1292 2069; baseline 0.001 -10"><span class='ocrx_word' id='word_1_235' title='bbox 330 2029 384 2059; x_wconf 87' lang='lat' dir='ltr'>Vs.</span> <span class='ocrx_word' id='word_1_236' title='bbox 413 2030 495 2059; x_wconf 82' lang='lat'>1582</span> <span class='ocrx_word' id='word_1_237' title='bbox 520 2039 582 2069; x_wconf 85' lang='lat' dir='ltr'>sq.:</span> <span class='ocrx_word' id='word_1_238' title='bbox 609 2031 729 2060; x_wconf 80' lang='grc' dir='ltr'><em>πολλῶν</em></span> <span class='ocrx_word' id='word_1_239' title='bbox 755 2032 851 2060; x_wconf 66' lang='grc' dir='ltr'><em>κακῶν</em></span> <span class='ocrx_word' id='word_1_240' title='bbox 874 2029 1017 2068; x_wconf 70' lang='grc' dir='ltr'><em>κατ-ἧρξεν</em></span> <span class='ocrx_word' id='word_1_241' title='bbox 1042 2029 1170 2060; x_wconf 69' lang='grc' dir='ltr'><em>Οἰδίπου</em></span> <span class='ocrx_word' id='word_1_242' title='bbox 1194 2029 1292 2067; x_wconf 77' lang='grc' dir='ltr'><em>δόμοις</em></span> 
     </span>
    </p>

    <p class='ocr_par' dir='ltr' id='par_1_8' title="bbox 610 2083 1219 2124">
     <span class='ocr_line' id='line_1_31' title="bbox 610 2083 1219 2124; baseline 0 -8"><span class='ocrx_word' id='word_1_243' title='bbox 610 2086 670 2116; x_wconf 66' lang='grc' dir='ltr'>τόδ’</span> <span class='ocrx_word' id='word_1_244' title='bbox 696 2083 785 2124; x_wconf 62' lang='grc' dir='ltr'><em>ἦμαρ·</em></span> <span class='ocrx_word' id='word_1_245' title='bbox 811 2085 852 2121; x_wconf 70' lang='grc' dir='ltr'>εἴη</span> <span class='ocrx_word' id='word_1_246' title='bbox 879 2086 1122 2124; x_wconf 62' lang='grc' dir='ltr'>δἐὐτυῑςέστερος</span> <span class='ocrx_word' id='word_1_247' title='bbox 1147 2086 1219 2123; x_wconf 67' lang='grc' dir='ltr'><strong><em>βίος.</em></strong></span> 
     </span>
    </p>
   </div>
   <div class='ocr_carea' id='block_1_3' title="bbox 318 2231 1181 2342">
    <p class='ocr_par' dir='ltr' id='par_1_9' title="bbox 318 2231 1181 2342">
     <span class='ocr_line' id='line_1_32' title="bbox 318 2231 1006 2260; baseline 0.001 -5"><span class='ocrx_word' id='word_1_248' title='bbox 318 2231 345 2260; x_wconf 78' lang='grc'>1)</span> <span class='ocrx_word' id='word_1_249' title='bbox 364 2232 445 2255; x_wconf 84' lang='lat' dir='ltr'>Cuius</span> <span class='ocrx_word' id='word_1_250' title='bbox 464 2232 600 2256; x_wconf 84' lang='lat' dir='ltr'>Wecklein</span> <span class='ocrx_word' id='word_1_251' title='bbox 619 2232 646 2255; x_wconf 88' lang='lat' dir='ltr'>in</span> <span class='ocrx_word' id='word_1_252' title='bbox 665 2232 735 2256; x_wconf 79' lang='lat' dir='ltr'>calce</span> <span class='ocrx_word' id='word_1_253' title='bbox 755 2233 917 2256; x_wconf 84' lang='lat' dir='ltr'>mentionem</span> <span class='ocrx_word' id='word_1_254' title='bbox 938 2233 1006 2257; x_wconf 69' lang='lat' dir='ltr'>fecit.</span> 
     </span>
     <span class='ocr_line' id='line_1_33' title="bbox 318 2271 1181 2301; baseline 0.002 -7"><span class='ocrx_word' id='word_1_255' title='bbox 318 2271 345 2301; x_wconf 76' lang='lat'>2)</span> <span class='ocrx_word' id='word_1_256' title='bbox 364 2271 455 2295; x_wconf 86' lang='lat' dir='ltr'>Nauck</span> <span class='ocrx_word' id='word_1_257' title='bbox 476 2279 512 2295; x_wconf 84' lang='lat' dir='ltr'>vs.</span> <span class='ocrx_word' id='word_1_258' title='bbox 531 2271 596 2295; x_wconf 80' lang='lat'><strong>1430</strong></span> <span class='ocrx_word' id='word_1_259' title='bbox 611 2275 692 2295; x_wconf 80' lang='lat' dir='ltr'>totum</span> <span class='ocrx_word' id='word_1_260' title='bbox 711 2272 798 2301; x_wconf 78' lang='lat' dir='ltr'>eiecit,</span> <span class='ocrx_word' id='word_1_261' title='bbox 817 2272 954 2297; x_wconf 83' lang='lat' dir='ltr'>Wecklein</span> <span class='ocrx_word' id='word_1_262' title='bbox 974 2273 1049 2296; x_wconf 82' lang='lat' dir='ltr'>uncis</span> <span class='ocrx_word' id='word_1_263' title='bbox 1068 2272 1181 2296; x_wconf 75' lang='lat' dir='ltr'>inclusit.</span> 
     </span>
     <span class='ocr_line' id='line_1_34' title="bbox 319 2309 962 2342; baseline 0.003 -9"><span class='ocrx_word' id='word_1_264' title='bbox 319 2309 344 2342; x_wconf 83' lang='lat'>3)</span> <span class='ocrx_word' id='word_1_265' title='bbox 364 2310 512 2342; x_wconf 86' lang='lat' dir='ltr'>„Euripidis</span> <span class='ocrx_word' id='word_1_266' title='bbox 532 2311 714 2341; x_wconf 41' lang='lat' dir='ltr'>Phoenissae)</span> <span class='ocrx_word' id='word_1_267' title='bbox 733 2311 834 2342; x_wconf 83' lang='lat' dir='ltr'>Lipsiae</span> <span class='ocrx_word' id='word_1_268' title='bbox 849 2319 871 2335; x_wconf 82' lang='lat' dir='ltr'>a.</span> <span class='ocrx_word' id='word_1_269' title='bbox 890 2310 962 2335; x_wconf 81' lang='lat'>1836.</span> 
     </span>
    </p>
   </div>
  </div>
 </body>
</html>
