1673 2768
919 309 937 337 2

321 400 510 441 confugisse,
534 400 577 430 ibi
602 402 634 430 in
661 402 724 431 otio
749 404 779 431 et
805 410 878 440 pace
904 400 1087 430 liberalibus
1109 400 1222 430 studiis
1249 409 1374 440 operam
1401 400 1534 436 dedisse,

321 456 375 487 sed
400 459 545 497 expertes
570 457 686 487 amoris
711 457 829 496 patriae
854 456 1005 496 languore
1027 456 1162 496 quodam
1185 459 1216 486 et
1236 456 1356 486 desidia
1369 456 1534 496 torpuisse.

599 512 605 525 '
635 514 678 543 ita
710 512 838 551 iudicat,
873 512 1013 552 „allengs
1046 512 1083 542 de
1115 511 1287 543 Grieksche
1311 511 1457 543 Letteren
1482 514 1534 542 ten

321 569 511 609 ondergang.
534 588 572 590 —
595 568 683 599 Maar
707 569 839 599 wenden
864 569 909 608 wij
933 568 985 599 het
1006 577 1065 608 oog
1078 568 1110 598 af
1122 578 1181 598 van
1196 568 1271 599 deze
1284 568 1457 599 duisternis
1472 568 1478 597 !
1494 586 1532 590 -

321 625 453 656 Immers
486 625 613 656 bestaan
647 626 682 665 zij
709 634 780 665 nog,
805 624 855 655 die
879 625 991 655 laatste
1015 624 1173 664 spranken
1199 634 1259 654 van
1285 625 1337 655 het
1362 624 1534 655 Grieksche

320 682 419 722 genie.
440 681 506 712 Ziet
529 682 568 722 gij
595 682 668 720 niet,
688 681 748 711 hoe
769 681 807 712 de
829 680 923 719 vonk,
943 680 1023 720 nabij
1047 680 1279 720 hetoogenblik
1294 681 1385 711 harer
1396 681 1534 721 gansche

321 738 502 777 verdoving‚
533 747 631 768 eenen
664 737 901 778 glinsterenden
934 737 1024 777 gloed
1058 737 1258 777 verspreidt?
1293 755 1332 759 —
1358 737 1420 767 Zoo
1444 737 1471 767 is
1497 737 1534 767 de

320 794 597 834 Argonautentogt
632 804 692 824 van
730 793 920 834 Apollonius
952 794 1123 824 misschien
1156 793 1194 824 de
1224 794 1334 824 laatste
1366 793 1535 833 flikkering

321 860 381 880 van
407 850 467 881 den
491 853 578 891 geest
603 851 699 889 zijner
724 848 881 887 eeuw''1).

365 905 486 937 Deinde
519 906 655 937 breviter
687 907 821 937 narratis
853 906 927 937 fatis
960 915 1033 936 cum
1068 908 1177 946 poetae
1201 909 1269 936 tum
1295 906 1447 946 poematis
1471 908 1535 936 tres

321 966 425 1004 partes
456 964 539 994 tertii
571 964 720 994 carminis
752 964 893 994 oratione
925 963 1030 993 vincta
1054 962 1183 1003 Belgice
1207 972 1240 993 se
1264 962 1439 993 reddidisse
1464 972 1534 1003 pro-

320 1019 434 1050 fitetur.

365 1075 521 1106 Omnibus
553 1075 749 1116 temporibus
782 1078 938 1106 nostrates
969 1075 1193 1106 laboraverunt
1226 1075 1344 1114 morbo,
1370 1085 1433 1116 quo
1459 1074 1534 1106 Geel

321 1142 449 1173 quoque
473 1142 530 1163 sua
554 1135 654 1163 aetate
678 1132 833 1163 laboravit
848 1130 880 1172 2),
905 1132 1050 1162 morbum
1076 1132 1146 1162 dico
1172 1141 1283 1162 versus
1306 1131 1474 1163 scribendi.

324 512 405 551 „Zoo
438 512 592 553 neigden,'

365 1257 383 1296 ἓ
408 1258 437 1287 2.
470 1256 650 1288 Dolendum
683 1260 730 1288 est
764 1257 938 1296 „Theocriti
972 1257 1112 1287 carmina
1143 1266 1216 1287 cum
1242 1256 1412 1287 Veteribus
1438 1256 1533 1288 Scho-

320 1311 438 1353 liis”³)‚
470 1323 552 1354 quae
584 1324 609 1344 a.
645 1314 728 1344 1820
761 1313 992 1344 Amstelodami
1020 1313 1104 1354 apud
1130 1313 1163 1344 P.
1189 1313 1248 1344 den
1274 1302 1399 1354 Hengst
1423 1316 1454 1344 et
1476 1313 1533 1344 Fil.

320 1370 513 1410 prodierunt,
544 1380 562 1400 a
594 1370 701 1401 Geelio
733 1380 801 1401 esse
833 1370 987 1410 absoluta,
1019 1380 1092 1401 nam
1125 1371 1169 1400 ita
1194 1369 1293 1400 Geelii
1319 1379 1434 1401 nomen
1460 1379 1532 1400 con-

319 1426 464 1456 iunctum
501 1426 640 1457 manebit
654 1426 675 1465 ⁴)
710 1437 783 1458 cum
820 1427 966 1466 editione,
1001 1436 1082 1467 quae
1121 1427 1179 1465 „ad
1214 1426 1307 1457 fidem
1343 1427 1532 1467 optimarum

320 1482 583 1514 editionum
615 1483 772 1514 recensita
804 1482 881 1523 est'’‚
913 1493 1110 1524 quamquam
1146 1483 1374 1522 „Aunotationi
1407 1484 1534 1514 criticae

320 1539 352 1569 in
388 1539 534 1570 Scholia''
569 1549 633 1570 non
670 1540 731 1570 nisi
768 1540 808 1570 90
840 1540 972 1580 paginas
1004 1539 1134 1577 adiecit3
1160 1548 1242 1580 quae
1265 1542 1340 1570 sunt
1366 1539 1446 1570 duae
1469 1539 1534 1570 fere

320 1598 425 1636 partes
450 1596 701 1635 annotationum,
726 1598 839 1637 quarta
863 1606 935 1637 pars
960 1596 1058 1627 totius
1082 1598 1196 1636 operis.

365 1651 500 1683 Ineunte
533 1653 659 1684 saeculo
690 1652 784 1683 XIX.
815 1652 844 1683 J.
876 1652 916 1683 H.
948 1662 1009 1683 van
1041 1652 1170 1684 Reenen
1203 1652 1311 1683 Hessii
1344 1651 1534 1693 bibliopolae

353 1805 379 1837 1)
398 1807 432 1830 l.l.
452 1814 475 1837 p.
494 1806 551 1830 214.

353 1845 379 1872 2>
401 1845 435 1869 De
460 1846 518 1869 aliis
537 1846 708 1876 carminibus,
727 1854 795 1877 quae
814 1846 875 1870 Geel
896 1847 922 1870 in
943 1847 1112 1870 vernaculam
1131 1846 1251 1877 linguam
1271 1846 1415 1876 transtulit,
1435 1846 1532 1870 endia-

321 1885 399 1915 rium,
419 1885 460 1909 cui
480 1893 576 1909 nomen
598 1885 674 1916 „Taal
693 1893 726 1909 en
746 1885 888 1910 Letteren''
905 1894 928 1910 a.
945 1885 1020 1915 1891,
1038 1894 1062 1916 p.
1079 1885 1135 1909 271.

353 1924 380 1953 3)
398 1925 427 1948 In
455 1921 648 1948 Wilamowitz‘ii
677 1925 909 1957 „Textgeschichte
937 1926 983 1949 der
1010 1925 1200 1949 Griechischen
1229 1924 1388 1949 Bukoliker'‘
1416 1924 1533 1949 Geeliani

320 1964 406 1994 operis
425 1964 531 1994 mentio,
550 1965 576 1988 ni
596 1965 680 1996 fallor,
698 1972 749 1988 non
771 1965 807 1989 tit.

355 2003 389 2026 De
412 2003 549 2027 Theocrito
567 2004 732 2028 emendando
750 2005 798 2028 hoc
818 2004 916 2028 iudicat
936 2004 1015 2028 Cobet
1034 2004 1134 2035 (Novae
1152 2004 1299 2033 Lectiones,
1316 2011 1339 2028 a.
1358 2003 1432 2035 1858,
1449 2003 1535 2028 Praef.

321 2050 344 2072 p.
361 2042 418 2072 1V):
438 2043 584 2073 „Theocriti
607 2043 696 2074 idyllia
721 2044 750 2067 ad
771 2043 911 2074 pristin-'un
931 2044 1071 2067 sanitatem
1091 2051 1215 2067 revocare
1235 2051 1312 2067 nemo
1333 2044 1388 2067 sere
1407 2046 1453 2067 aut
1471 2043 1533 2066 olim

321 2082 405 2111 potuit
432 2085 478 2105 aut
504 2090 574 2106 nunc
602 2083 704 2113 potest”
731 2086 757 2106 et
782 2083 816 2107 l.l.
838 2091 861 2113 p.
881 2083 928 2107 Vl:
948 2083 1095 2112 „Meinekio
1115 2090 1222 2113 prorsus
1240 2083 1370 2106 assentior
1388 2083 1487 2106 dicenti
1506 2082 1532 2106 in

322 2120 485 2145 Praelatione
512 2122 541 2145 ad
570 2122 740 2145 Theocritum
768 2130 826 2153 „ue-
843 2123 931 2153 ipsum
958 2122 1065 2153 quidem
1093 2122 1313 2146 Valckenaerium
1343 2129 1427 2145 unum
1447 2122 1533 2146 locum

320 2160 493 2184 difficiliorem
521 2162 555 2184 ita
583 2162 754 2191 expedivisse,
784 2164 813 2185 ut
837 2162 1005 2192 acquiescere
1025 2161 1107 2192 possis
1125 2161 1151 2185 in
1171 2169 1200 2185 ea
1219 2168 1298 2192 quam
1318 2161 1455 2191 proposuit
1473 2169 1533 2185 sen-

322 2200 429 2227 tentis,
447 2200 490 2223 sed
510 2201 560 2224 erit
579 2201 719 2231 aliquando
738 2204 851 2231 tempus,
869 2208 953 2232 quum
973 2201 1004 2224 de
1024 2201 1149 2224 Meiuekii
1165 2201 1281 2231 operaiu
1293 2200 1431 2224 Theocrito
1441 2208 1533 2224 emen-

321 2239 405 2262 dando
424 2240 546 2263 collocata
566 2240 634 2264 idem
654 2241 781 2264 iudiciuin
802 2240 928 2264 feratur'ss

354 2278 380 2306 4)
399 2278 435 2302 Cf,
465 2279 592 2309 „Brieven
618 2287 667 2303 van
692 2280 771 2303 Cobet
789 2287 837 2303 aan
859 2279 937 2303 Geel“
957 2287 980 2310 p.
999 2279 1039 2308 64,
1057 2287 1118 2303 ann.
1138 2279 1167 2303 1:
1185 2279 1254 2309 „Ook
1275 2278 1336 2302 Geel
1356 2279 1404 2302 had
1423 2280 1448 2302 in
1468 2278 1533 2303 1820

320 2317 475 2341 Theocritus
494 2318 677 2349 uitgegeven'ss
696 2319 784 2343 Minus
804 2322 888 2350 recte;
909 2319 970 2350 quia
990 2319 1069 2342 nimis
1088 2319 1211 2342 breviter.
