1673 2768
903 307 943 336 54

316 402 354 431 iis
385 400 473 431 libris
505 400 663 440 agendum
696 399 832 437 videtur,
856 408 991 439 quorum
1019 399 1093 429 Geel
1120 408 1287 429 censuram
1314 401 1387 440 egit,
1413 399 1468 430 sed
1495 399 1533 430 de

317 457 417 497 ipsius
440 459 565 486 tantum
589 456 622 485 in
646 455 774 486 iudiciis
798 455 951 485 faciendis
976 455 1025 484 via
1051 457 1081 485 et
1105 455 1234 486 ratione.

359 513 459 553 Pergo
492 513 589 553 igitur
612 512 651 542 ad
675 511 834 542 Volumen
861 511 907 550 V.,
931 520 971 541 ex
997 520 1061 551 quo
1087 511 1251 551 nonnulla,
1275 521 1357 552 quae
1383 512 1535 543 memoria

318 570 413 609 digna
446 569 605 608 videntur,
640 577 818 608 excerpam.
854 567 1036 598 Voluminis
1061 567 1098 598 V.
1122 569 1209 608 prior
1231 578 1304 608 pars
1328 569 1411 599 edita
1435 571 1483 599 est
1506 578 1534 599 a.

321 626 414 664 1830,
446 626 542 656 altera
574 634 645 665 pars
670 635 695 655 a.
721 625 822 662 18313
856 624 909 654 illa
935 623 1035 654 Geelii
1060 628 1125 654 tres
1152 624 1353 665 „censuras'’,
1377 625 1454 656 haec
1479 634 1536 656 sex

322 681 530 721 „relationes”
556 683 704 712 continet.

362 738 494 779 Hauptii
512 736 533 776 ¹)
558 738 731 768 doctrinam
757 741 787 768 et
811 746 944 767 acumen
970 737 1131 777 laudavit3
1155 737 1318 768 iudicandi
1343 741 1448 769 autem
1463 748 1536 779 pru-

320 796 457 826 dentiam
493 804 586 835 saepe
623 794 793 825 desiderari
826 794 915 833 dixit,
948 804 1043 834 quam
1069 793 1108 824 ob
1132 803 1198 825 rem
1225 803 1297 825 eum
1323 796 1455 834 monuit,
1483 798 1537 834 „ut

320 853 352 881 in
378 852 522 881 instituto
547 851 674 891 quidem
701 850 843 881 discendi
868 850 1092 890 scribendique
1115 851 1228 881 itinere
1249 851 1538 892 perg(eret),plera-

322 918 383 948 que
408 917 481 938 vero
507 907 714 944 diiudic(aret)
740 908 892 946 severius,
915 908 1190 948 intemperantiam
1213 908 1333 938 sciendi
1347 907 1538 947 cohibe(ret),

321 969 351 995 et
376 964 528 1005 quaedam
554 965 700 1004 ignorare
725 963 862 1001 vel(let)'⁷
879 962 912 1003 2).

366 1020 413 1051 De
448 1021 564 1061 Gorgia
595 1030 612 1050 a
642 1020 752 1050 Fossio
777 1020 859 1050 edito
884 1021 946 1050 iam
972 1021 1094 1061 scripsi,
1120 1020 1175 1051 ubi
1200 1022 1250 1061 egi
1275 1021 1312 1051 de
1338 1020 1437 1052 Geelii
1462 1020 1537 1052 His-

322 1079 402 1108 toria
427 1078 534 1107 critica
558 1077 778 1117 Sophistarum
793 1079 832 1117 (p.
859 1077 876 1106 6
902 1079 969 1117 sq.)

368 1134 578 1165 Vehementer
611 1132 685 1164 Geel
717 1133 859 1164 laudavit
891 1133 1089 1164 Courierium
1109 1132 1141 1173 3),
1167 1135 1222 1174 qui
1249 1133 1371 1175 „Longi
1395 1134 1539 1166 Pastora-

323 1190 385 1221 lia''
411 1190 567 1222 ediderat:
595 1190 721 1229 „literas
745 1200 874 1230 graecas
899 1189 1074 1230 adamabat,
1094 1200 1157 1221 non
1179 1191 1264 1231 quod
1285 1190 1397 1222 Gallus
1417 1195 1483 1222 erat
1501 1209 1538 1214 —

324 1247 408 1288 apud
437 1257 517 1288 quos
541 1247 660 1277 iamdiu
687 1248 763 1277 haec
789 1247 894 1278 studia
918 1248 1030 1286 iacent,
1056 1256 1113 1278 nee
1137 1250 1314 1278 tractantur
1337 1248 1398 1279 nisi
1423 1258 1441 1279 a
1464 1258 1540 1288 pau-

324 1305 468 1344 cissimis,
493 1305 609 1334 avitam
635 1304 902 1335 existimationem
925 1305 980 1334 vix
1000 1304 1229 1343 retinentibus3
1249 1322 1293 1326 —
1313 1305 1368 1336 sed
1388 1305 1442 1335 ille
1466 1314 1541 1336 vero

325 1365 475 1402 castoque
507 1370 612 1391 amore
642 1360 803 1391 ferebatur
831 1361 870 1391 ad
895 1362 1072 1392 venustatis
1096 1361 1242 1401 speciem,
1267 1371 1363 1402 quam
1387 1361 1541 1392 illibatam

326 1418 439 1449 nullibi
475 1418 650 1459 reperiebat
685 1419 747 1448 nisi
782 1418 815 1448 in
849 1417 1041 1448 Graecorum
1080 1417 1365 1456 monumentis”⁴).
1400 1418 1542 1459 Longius

325 1475 523 1516 exspatiatus
559 1475 596 1505 de
632 1474 786 1505 Courierii
822 1475 1058 1515 simplicissimo
1094 1477 1124 1505 et
1156 1474 1350 1505 hilarissimo
1381 1475 1542 1506 scribendi

325 1541 440 1573 genere
453 1531 486 1570 ⁵),
511 1541 573 1572 quo
598 1531 751 1562 indicaret
778 1531 882 1570 „unde
903 1531 1023 1562 factum
1045 1534 1136 1571 esset,
1162 1534 1196 1562 ut
1219 1531 1365 1572 Longum
1391 1532 1543 1573 peculiari

327 1599 434 1620 amore
466 1587 795 1629 complecte1·etur'’⁶),
819 1588 857 1619 de
882 1587 991 1629 Longo
1015 1589 1083 1628 ipso
1108 1587 1212 1619 fusius
1238 1589 1310 1629 egit,
1334 1599 1352 1619 a
1377 1599 1440 1629 quo
1464 1599 1542 1620 non—

328 1646 408 1676 nulli
433 1645 644 1676 abhorrebant
669 1655 741 1675 eum
768 1645 806 1675 ob
831 1645 961 1675 nimiam
987 1645 1220 1685 simplicitatem
1242 1646 1394 1676 narrandi
1415 1649 1482 1676 tum
1504 1645 1543 1676 ob

328 1702 497 1734 verborum
522 1702 776 1733 obscaenitatem.
800 1701 893 1732 Illam
919 1705 1035 1738 tuetur,
1060 1702 1157 1732 huius
1176 1705 1330 1742 patronus
1350 1702 1458 1733 haberi
1479 1712 1544 1733 non

329 1760 406 1799 vult,
441 1760 495 1790 sed
531 1759 701 1799 dissuadet,
737 1768 776 1790 ne
807 1758 938 1799 Longus
969 1759 1083 1799 puellis
1115 1759 1273 1790 tradatur:
1309 1769 1369 1799 „ne
1393 1761 1545 1791 matronis

331 1817 469 1858 quidem,
490 1817 575 1857 quod
599 1816 820 1857 imprudenter
842 1815 975 1846 faciebat
996 1815 1189 1856 Courierius‚
1209 1816 1309 1847 facete
1329 1819 1359 1847 et
1378 1816 1546 1858 eleganter,

331 1877 366 1905 ut
390 1875 495 1904 omnia
519 1873 649 1913 solebat,
673 1873 712 1907 ad
737 1872 924 1904 Clavieriam
948 1872 1112 1904 seribens”
1127 1872 1158 1912 7).

364 1980 390 2009 l)
408 1979 437 2003 In
456 1979 576 2009 Aeschyli
594 1978 770 2009 Supplicibus.

364 2018 391 2047 2³.)
410 2019 444 2042 l.l.
465 2026 488 2048 p.
508 2018 563 2041 100.

363 2058 389 2087 3)
409 2058 488 2081 Valde
499 2058 583 2081 differt
596 2057 683 2081 Cobeli
695 2057 823 2081 iudicium
833 2064 838 2081 :
850 2058 881 2080 cf.
896 2057 1023 2089 „Brieven
1036 2064 1085 2080 van
1095 2056 1172 2081 Cobet
1183 2064 1232 2081 aan
1241 2057 1318 2081 Geel“
1330 2056 1547 2088 p.135,‘250,254.

366 2098 391 2128 4)
410 2098 443 2121 l.l.
464 2105 486 2128 p.
505 2097 553 2121 234
571 2105 609 2128 sq.

365 2138 392 2167 ὃ)
412 2137 483 2165 Quod
495 2145 518 2168 p.
528 2136 624 2161 2351115
636 2137 721 2161 verbis
732 2136 943 2167 comprehendit:
957 2139 1001 2168 „ut
1014 2143 1111 2166 pronus
1121 2139 1175 2159 erat
1186 2136 1216 2159 ad
1228 2136 1377 2165 iocandum,
1385 2144 1547 2168 quamquam

333 2177 417 2201 aerior
444 2177 554 2200 subinde
582 2185 611 2200 ac
638 2177 718 2200 nimis
735 2177 881 2205 milletune,
898 2182 1046 2206 numquam
1066 2174 1115 2198 nisi
1137 2174 1347 2205 ingeniosissime
1365 2175 1479 2205 ludebat,
1499 2184 1547 2200 nec

333 2217 364 2240 ad
392 2217 530 2240 scurrilem
556 2216 728 2240 descendebat
755 2216 911 2240 levitatem?
930 2215 1008 2239 Erant
1029 2214 1163 2239 communi
1183 2214 1296 2244 quodam
1314 2215 1420 2246 ingenio
1439 2215 1548 2240 Courier

335 2260 359 2280 et
379 2256 449 2279 Geel.

368 2296 394 2324 (i)
414 2296 448 2319 l.l.
468 2304 492 2326 p.
511 2295 565 2319 236.

369 2336 394 2364 Τ)
416 2336 449 2359 l.l.
469 2344 491 2366 p.
510 2335 565 2359 238.
