1673 2768
856 291 874 319 8

261 386 338 427 quid
362 384 582 416 lucraremur?
608 383 778 421 Sciremus‚
803 391 884 422 quae
904 381 1007 421 operis
1028 383 1132 421 partes
1153 381 1228 410 satis
1245 378 1472 418 „elaboratae‘',

261 451 342 483 quae
369 440 573 481 „inchoatae”
598 442 721 470 tantum
747 449 764 469 a
790 438 898 469 Geelio
922 440 1036 468 essent.

307 498 468 535 Quaedam
494 497 616 528 nescire
642 496 732 526 malo.

732 761 916 793 CAPUT
963 761 1013 791 ΙΙ.

314 875 434 896 INEDKTA
459 874 603 901 QUAEDAM
628 871 846 893 HEMSTERHUSH
870 871 905 892 ET
928 870 1095 891 RUHNKEMI
1120 871 1138 890 A
1162 869 1269 890 GEELIO
1293 869 1381 890 INTER
1404 870 1432 889 A.

504 924 685 946 MDCCCXXIV
709 923 744 943 ET
766 924 794 943 A.
817 921 1024 943 MDCCGXXVIII
1049 921 1124 942 SUNT
1147 920 1244 941 EDITA.

311 1016 328 1054 ξ
367 1015 392 1044 l.
428 1013 540 1044 Novus
576 1011 791 1042 Bibliothecae
827 1010 925 1051 Lugd.
957 1009 1096 1040 Batavae
1127 1018 1187 1040 sec.
1213 1009 1278 1039 ord.
1302 1008 1481 1049 praefectus

266 1071 473 1109 occasionem,
506 1078 588 1109 quae
618 1069 647 1099 ei
679 1071 751 1098 nata
783 1070 858 1105 erat,
883 1066 1068 1107 penetrandi
1093 1066 1126 1096 in
1151 1065 1210 1095 hoc
1234 1065 1387 1105 templum
1414 1064 1481 1105 phi-

269 1127 402 1167 lologiae
427 1126 684 1165 clarissimosque
708 1124 827 1164 patriae
851 1122 1027 1164 philologos
1051 1125 1147 1162 atque
1167 1130 1276 1152 eorum
1298 1120 1480 1151 methodum

269 1182 480 1223 cognoscendi
505 1181 607 1212 laetus
632 1181 777 1221 arripuit,
801 1179 887 1220 quod
912 1179 1102 1220 philologiae
1126 1177 1277 1218 antiquae
1296 1186 1361 1207 non
1376 1177 1483 1207 minus

268 1239 386 1280 profuit
411 1248 505 1279 quam
532 1238 560 1268 ei
584 1238 654 1278 ipsi.

312 1295 455 1326 Primum
491 1295 551 1325 tria
587 1295 703 1334 scripta
739 1292 866 1331 inedita,
903 1292 941 1322 de
977 1291 1095 1332 quibus
1127 1300 1214 1321 nunc
1246 1294 1377 1320 acturus
1401 1299 1484 1328 sum,

269 1353 362 1383 annis
386 1352 541 1392 proximis
565 1350 604 1381 ab
629 1360 664 1381 eo
690 1349 809 1390 publici
834 1350 915 1379 iuris
939 1351 1015 1379 sunt
1037 1348 1136 1378 facta:
1162 1357 1188 1377 a.
1212 1347 1296 1377 1824
1307 1346 1374 1377 Tib.
1388 1345 1483 1376 Hem-

269 1409 419 1440 sterhusii
454 1407 768 1438 animadversionum
804 1406 837 1435 in
873 1405 1050 1436 Lucianum
1087 1403 1246 1444 appendix
1264 1402 1301 1441 1);
1339 1413 1365 1433 a.
1400 1403 1484 1433 1825

269 1465 432 1496 Anecdota
463 1463 758 1502 Hemsterhusiana,
782 1462 860 1493 Pars
885 1461 900 1492 I
917 1460 955 1500 1);
982 1471 1008 1492 a.
1035 1462 1119 1491 1828
1144 1459 1276 1491 Davidis
1299 1459 1485 1490 Ruhnkenii

270 1521 395 1552 Scholia
418 1521 451 1550 in
476 1520 620 1551 Suetonii
644 1520 727 1550 vitas
751 1518 922 1550 Caesarum
941 1516 971 1557 ¹).

316 1577 404 1614 Quae
428 1578 528 1618 primo
553 1579 583 1607 et
606 1576 746 1607 secundo
771 1576 840 1606 loco
863 1575 1025 1605 nominavi
1050 1583 1146 1615 opera
1167 1573 1322 1604 debentur
1343 1581 1486 1603 summae

273 1634 371 1665 Geelii
407 1634 601 1664 reverentiae
636 1634 667 1663 in
699 1632 765 1662 Tib.
789 1631 1080 1670 Hemsterhusium,
1105 1640 1200 1671 quem
1227 1639 1321 1670 quam
1349 1629 1486 1660 maxime

273 1700 396 1731 semper
431 1694 461 1721 et
492 1689 611 1730 ubique
635 1690 749 1720 coluit:
779 1688 885 1727 „Libri
909 1688 1046 1729 quidem,
1070 1687 1185 1728 inquit,
1209 1686 1486 1717 Hemsterhusiani

276 1757 312 1778 eo
348 1750 423 1777 sunt
455 1756 597 1785 flumem,
629 1755 729 1786 eaque
752 1746 952 1786 praestantia,
975 1748 1010 1775 ut
1035 1745 1185 1783 nesciam,
1208 1753 1247 1774 an
1273 1742 1487 1783 splendidiore

275 1804 357 1834 dono
384 1803 576 1834 Bibliotheca
600 1802 764 1834 Leidensis
788 1812 858 1833 raro
883 1801 1072 1842 locupletata
1097 1801 1147 1831 sit.
1168 1799 1249 1830 Nam
1271 1799 1487 1840 praeter-illos,

275 1870 355 1900 quos
389 1859 602 1890 Ruhnkenius
637 1860 805 1897 recensuit,
843 1859 896 1889 alii
928 1861 1013 1896 sunt,
1045 1867 1181 1898 quorum
1215 1857 1376 1897 margines
1400 1855 1488 1896 larga

276 1917 479 1947 annotatione
515 1916 654 1957 opplevit
689 1916 780 1947 docta
815 1915 1051 1947 Hemsterhusii
1087 1924 1223 1951 manus;
1260 1914 1293 1943 in
1329 1913 1379 1943 his
1414 1921 1488 1953 prae

276 1974 388 2003 ceteris
410 1972 648 2003 memorandum
666 1972 856 2003 Jamblichei
881 1971 1143 2011 Protreptici
1168 1968 1361 2010 exemplar.”
1375 1979 1402 2009 q.
1417 1978 1440 1999 s.
1456 1966 1488 2007 2).

321 2029 444 2059 Partem
466 2029 686 2059 thesaurorum
708 2029 847 2068 illorum,
861 2037 996 2069 quorum
1011 2026 1224 2058 Ruhnkenius
1239 2024 1261 2064 3)
1275 2027 1337 2056 iam
1352 2025 1489 2065 cupidus

276 2085 387 2123 fuerat,
420 2085 494 2116 Geel
527 2085 640 2123 edidit3
675 2085 838 2116 Blumium
864 2094 993 2125 quoque
1017 2083 1169 2115 subsidiis
1194 2082 1488 2114 Hemsterhusianis

312 2226 338 2255 1)
357 2226 478 2256 Lugduni
498 2225 654 2249 Batavorum
673 2226 741 2255 apud
761 2225 786 2249 S.
803 2228 829 2248 et
847 2225 868 2249 J.
888 2225 1059 2249 Luehtmans.

311 2265 338 2290 ΕΞ»
359 2265 441 2288 Praes.
460 2264 556 2288 Anecd.
576 2265 733 2292 Hemsterh..
752 2273 775 2295 p.
796 2265 826 2288 Vl
842 2267 869 2288 et
888 2264 941 2288 Vll.

312 2304 339 2335 3)
358 2304 394 2328 Cf.
413 2304 532 2334 Elogium
552 2304 754 2334 Hemsterhusii,
772 2307 879 2327 auctore
900 2303 1082 2333 Ruhnkenio²‚
1100 2311 1123 2333 p.
1142 2302 1182 2331 67,
1200 2302 1239 2326 68.
