1673 2768
679 320 716 350 17

133 410 238 443 Isdem
274 411 338 442 fere
374 411 580 452 temporibus,
616 414 700 443 certe
729 414 802 443 ante
834 421 975 443 mensem
1008 411 1128 443 Maium
1154 423 1179 443 a.
1208 413 1302 453 1829,

91 478 154 508 quo
186 478 318 499 suorum
350 468 600 508 Polybianorum
633 469 857 510 praefationem
882 470 1017 510 scripsit,
1042 470 1222 510 complures
1249 470 1303 500 ob-

90 526 284 556 servationes
319 527 383 556 tam
420 526 587 557 historicas
623 536 717 566 quam
751 527 875 556 criticas
907 527 938 556 in
972 528 1035 557 tres
1059 525 1184 565 Polybii
1210 526 1304 566 locos,

89 592 107 612 a
142 581 225 612 Maio
261 581 471 622 depromptos,
508 581 607 613 Classi
642 582 762 613 Tertiae
794 582 936 613 Instituti
967 581 1058 623 Regii
1082 582 1203 623 Belgici
1228 582 1303 613 Geel

90 638 263 679 impertivit
280 637 309 678 1).
335 637 405 675 Qua
429 640 664 679 opportunitate
688 639 760 670 data
784 639 940 669 nonnulla
964 648 1092 679 quoque
1113 639 1245 679 protulit
1265 639 1304 669 de

91 693 283 726 Callisthene
315 696 449 735 eiusque
474 695 580 726 indole
603 698 698 736 atque
723 695 874 732 moribus,
900 698 930 726 et
955 695 992 726 de
1018 695 1202 726 collectione
1226 695 1302 726 Sen-

89 752 270 791 tentiarum,
305 761 387 792 quae
423 751 630 782 Constantino
666 752 969 793 Porphyrogenneto
1002 751 1143 791 debetur,
1175 761 1213 783 ex
1239 761 1303 792 qua

89 807 171 839 idem
196 807 259 838 Mai
282 807 458 849 fragmenta
483 808 631 839 ediderat.

132 864 169 894 In
201 864 343 895 Instituti
376 865 517 905 historia,
540 875 566 896 a.
593 865 677 895 1833
702 865 794 904 edita,
819 865 910 906 plura
936 865 985 896 his
1010 865 1047 896 de
1073 864 1302 896 observationi-

89 920 148 952 bus
184 931 247 951 non
283 921 442 962 leguntur,
478 924 642 963 propterea
674 922 759 962 quod
795 921 869 952 Geel
905 922 1031 953 interim
1065 921 1181 952 librum
1207 931 1300 951 suum

89 977 236 1009 ediderat.

133 1034 170 1064 A.
208 1035 292 1065 1829
328 1035 412 1066 enim
448 1034 597 1076 Lugduni
633 1034 827 1066 Batavorum
860 1035 944 1076 apud
968 1034 1163 1065 Luchtmans
1187 1035 1302 1065 emissa

89 1098 181 1122 sunt:
211 1091 357 1132 „Polybii
381 1091 596 1123 Historiarum
622 1091 780 1132 Excerpta
804 1091 969 1131 Vaticana,
993 1092 1025 1121 in
1049 1091 1141 1122 titulo
1166 1091 1204 1121 de
1225 1090 1301 1121 Sen-

88 1148 228 1189 tentiis'',
253 1149 353 1180 Geelii
378 1159 475 1179 manu
500 1151 616 1180 curata.

132 1205 233 1245 Liber,
257 1215 353 1246 quem
378 1205 558 1236 Hamakero
583 1205 747 1243 dedicavit,
772 1204 900 1235 exhibet
924 1205 956 1234 in
982 1204 1180 1235 Praefatione
1204 1202 1300 1233 Maia-

84 1271 143 1293 nae
168 1261 372 1303 praefationis
397 1262 476 1293 duos
500 1262 594 1302 locos,
619 1262 673 1302 qui
698 1261 736 1292 ad
757 1261 946 1302 Fragmenta
966 1261 1085 1291 edenda
1099 1261 1300 1301 pertinerent,

83 1318 197 1349 deinde
228 1318 462 1359 Excerptorum
491 1321 613 1349 textum
647 1319 706 1348 121
742 1318 875 1358 paginis,
900 1327 1033 1358 quarum
1060 1318 1092 1347 in
1118 1317 1202 1347 calce
1226 1326 1298 1346 con-

84 1375 221 1406 iecturas
246 1377 276 1406 et
300 1378 390 1406 notas
415 1385 489 1406 suas
515 1374 589 1406 Geel
614 1375 792 1415 adscripsit,
813 1377 880 1405 tum
903 1375 940 1404 A.
954 1373 1029 1404 Maii
1050 1374 1298 1404 Annotationem

84 1432 123 1462 31
150 1432 285 1473 paginis,
309 1432 447 1472 denique
472 1431 627 1463 Addenda
651 1434 680 1462 et
705 1430 898 1471 Corrigenda
925 1439 1027 1470 usque
1051 1430 1089 1460 ad
1114 1440 1141 1471 p.
1170 1429 1239 1460 167.

129 1487 177 1519 De
212 1488 345 1519 sublatis
378 1487 553 1519 Callicratis
586 1490 616 1519 et
640 1488 794 1519 restitutis
818 1487 971 1527 Lycortae
996 1487 1111 1518 statuis
1136 1486 1296 1516 Hamaker

84 1545 254 1585 postremis
279 1546 424 1585 quinque
448 1545 573 1585 paginis
598 1544 757 1575 disseruit.

128 1600 175 1632 De
210 1602 313 1642 operis
345 1601 477 1632 consilio
501 1602 569 1642 ipse
594 1602 626 1631 in
651 1600 851 1632 Praefatione
875 1600 951 1631 haec
977 1600 1101 1630 monuit
1117 1597 1156 1637 2):
1185 1598 1298 1637 „libro-

84 1668 155 1689 rum
191 1657 448 1689 distributionem
485 1668 548 1688 non
585 1658 683 1698 tetigI,
714 1667 781 1688 rem
815 1657 933 1687 multae
957 1656 1191 1696 disputationis,
1217 1664 1298 1695 quae

84 1723 142 1744 nec
174 1715 283 1754 paucis
314 1713 475 1755 profligari
507 1716 636 1755 poterat,
661 1717 691 1745 et
715 1724 733 1744 a
755 1713 862 1744 futuro
887 1712 1013 1752 Polybii
1037 1712 1157 1743 editore
1180 1712 1298 1742 rectius

84 1770 276 1801 tractabitur.
314 1770 387 1811 Ipsa
417 1770 513 1802 verba
544 1769 671 1810 Polybii
696 1770 859 1810 aliquanto
884 1769 1030 1810 politiora
1055 1768 1147 1799 edere
1171 1768 1297 1798 studui:

83 1827 162 1857 nihil
187 1829 355 1868 praeterea.
380 1826 464 1857 Hinc
488 1826 593 1858 brevis
618 1829 666 1857 est
689 1836 725 1857 ac
750 1826 819 1857 sine
843 1825 1004 1856 doctrinae
1024 1825 1176 1855 comitatu
1190 1826 1299 1855 nostra

83 1884 259 1922 annotatio;
297 1884 356 1914 etsi
391 1883 486 1924 paulo
522 1886 627 1914 tamen
661 1883 784 1923 plenior
815 1892 871 1923 pro
896 1892 932 1913 ea
956 1882 1078 1912 ratione
1103 1890 1185 1921 quae
1208 1882 1298 1910 inva-

83 1940 200 1971 lescere
224 1941 335 1981 coepit,
359 1940 397 1971 ad
423 1943 631 1980 veterumque
655 1940 808 1980 siglorum
834 1938 999 1969 infantiam
1025 1937 1222 1968 revertitur'⁷.

127 1996 156 2026 A
188 2006 262 2027 vero
294 1996 379 2027 haud
410 1996 504 2037 longe
528 1998 617 2036 putat
641 2005 715 2026 eum
740 1995 860 2034 abesse,
884 1995 939 2034 qui
963 1993 1098 2024 affirmet
1121 1992 1298 2031 Polybiana

84 2114 132 2130 van
162 2106 241 2130 Cobet
260 2113 309 2130 aan
327 2105 414 2136 Geel”,
434 2113 459 2136 p.
477 2104 551 2136 439):
573 2106 612 2137 „al
631 2105 662 2128 de
682 2107 736 2128 rest
755 2104 794 2136 (111
817 2104 898 2133 Italia,
917 2105 1025 2133 excepto
1045 2103 1183 2133 Peyronio)
1202 2102 1296 2125 erkent

82 2146 133 2170 Mai
152 2153 214 2169 voor
232 2153 281 2169 een
298 2147 370 2176 groot
389 2145 508 2175 critIcus,
525 2152 557 2169 011
577 2145 598 2168 15
617 2144 702 2168 3110011
722 2144 785 2175 goed
797 2151 839 2167 oui
851 2143 911 2167 dien
924 2142 1066 2172 -pwh'vffloc
1078 2149 1109 2165 11ss
1122 2144 1147 2165 te
1159 2141 1297 2165 kwnken'’.

116 2185 200 2209 Etiam
228 2185 315 2209 Naber
341 2185 432 2216 („Vier
458 2183 674 2216 Tijdgenooten''‚
702 2191 725 2214 p.
753 2182 814 2213 282)
831 2182 963 2213 significat
982 2181 1081 2205 Maium
1103 2181 1199 2204 talibus
1219 2181 1297 2204 rebus

79 2224 188 2248 edendis
207 2232 259 2248 nou
280 2224 403 2248 idoneum
424 2224 514 2248 fuisse.

112 2263 138 2295 1)
157 2264 213 2288 Vid.
234 2264 347 2288 Historia
365 2263 460 2287 Classis
478 2263 590 2292 Tertiae,
609 2270 630 2286 a.
649 2261 724 2291 1833,
743 2270 765 2292 p.
785 2262 848 2285 LIIl.

113 2303 174 2327 Geel
192 2303 273 2327 huius
291 2303 381 2326 classis
402 2303 428 2326 in
447 2303 609 2333 Tydemanni
628 2303 715 2326 locum
734 2301 820 2324 socius
839 2301 924 2324 faetus
943 2302 998 2324 erat
1018 2300 1064 2331 (cI.
1074 2300 1109 2323 l.l.
1120 2307 1143 2329 p.
1155 2299 1293 2329 LXXVII).

112 2341 138 2373 ⁴2)
158 2342 184 2366 P.
198 2341 288 2366 XVIII.

1181 2384 1196 2406 2
