1673 2768
692 302 732 331 63

105 396 260 434 voeati0n‚
295 396 480 425 contiuuera
517 395 555 426 de
592 395 829 426 travailler....
863 406 985 426 comme
1009 398 1026 426 ἰ(
1051 396 1196 437 l'cpoque
1222 397 1259 427 de
1284 407 1318 427 sa

102 451 202 491 gloire
226 451 443 492 philologique
460 450 488 490 ¹).
515 451 632 482 Grssces
655 453 673 482 a
697 450 788 490 Dieu‚
813 451 891 482 dans
906 461 940 483 ce
955 457 1095 483 moment
1111 453 1222 492 meme,
1237 463 1318 484 nous

104 507 237 538 n'avons
272 517 328 548 pas
351 509 457 538 raison
482 508 520 538 de
544 518 626 539 nous
651 508 801 548 plaindre.
826 507 865 538 Je
891 508 1074 539 m’abstiens
1100 509 1138 540 de
1162 510 1238 540 citer
1263 510 1318 540 des

103 573 195 594 noms
219 565 362 599 revere&
389 566 469 595 mais
488 565 520 604 je
544 565 611 595 suis
636 565 813 595 convaincu
839 564 917 605 qu’il
942 568 988 596 est
1014 569 1128 605 urgent
1142 575 1222 606 pour
1237 576 1317 597 nous

103 619 141 650 de
164 621 326 651 travailler
349 630 423 651 sans
446 621 570 651 relfiche
595 631 635 651 au
660 621 890 651 rensorcement
916 621 954 652 de
977 621 1006 651 la
1030 621 1104 652 base
1128 622 1182 652 des
1197 622 1317 653 bonnes

103 676 230 714 etude33
267 677 326 708 elle
362 687 398 708 en
435 688 452 707 a
477 677 759 708 continuellement
785 687 828 707 un
851 677 951 717 grand
978 677 1095 708 besoin.
1122 677 1196 708 Cela
1220 678 1316 708 n'em-

103 732 236 772 pechera
271 743 334 773 pas,
370 743 433 774 que
468 744 549 764 nous
582 733 762 764 n’etudions
795 734 823 764 Ie
849 737 1053 765 mouvement
1078 735 1168 765 dela
1193 736 1318 765 science

102 798 138 819 en
165 789 368 830 Allemagne3
395 789 480 829 c’est,
504 800 544 820 au
570 791 735 829 contraire,
761 799 823 821 une
848 790 1009 821 condition
1035 791 1073 822 de
1097 792 1237 831 rigueur,
1263 801 1318 831 par

101 845 130 875 la
165 846 277 886 simple
312 847 428 885 raison,
464 856 526 887 que
550 850 619 877 tout
643 847 794 887 principe,
818 847 873 887 qui
898 847 979 877 n'est
1003 857 1058 887 pas
1084 857 1146 878 une
1171 847 1318 878 inebram—

101 901 182 933 lable
219 904 316 933 verIte
351 904 607 943 mathematique‚
644 906 719 943 peut
753 903 880 934 souffrir
915 913 955 933 ou
981 913 1014 934 se
1039 904 1183 934 modifier
1208 913 1264 944 par
1288 904 1317 934 la

101 959 240 989 reaction
266 959 320 990 des
344 961 590 1000 consequences‚
616 961 671 1000 qui
695 969 732 990 en
758 963 830 990 sont
851 959 1056 990 deduites.Je
1069 959 1317 990 citeraisl’ecole

101 1015 224 1045 celebre
248 1015 285 1046 de
310 1015 445 1056 Leipsig,
471 1017 497 1047 si
523 1027 572 1046 ma
597 1017 685 1047 these
705 1017 789 1046 avait
804 1017 911 1047 besoin
926 1016 1022 1047 d’une
1036 1017 1316 1047 demonstrati0n⁷'.

146 1071 193 1102 De
229 1072 360 1103 Greuvii
389 1072 675 1113 „Wederlegging”
692 1071 716 1110 2)
741 1082 780 1103 ne
804 1073 958 1103 iudicium
983 1073 1106 1112 faceret,
1131 1073 1316 1114 rogantibus

102 1129 151 1167 iis,
175 1130 230 1169 qui
256 1129 401 1168 diarium⁷
427 1129 512 1170 quod
536 1129 721 1160 inscribitur
747 1130 804 1168 „de
830 1129 937 1169 Gids'’‚
962 1130 1106 1169 edebant,
1131 1130 1206 1161 Geel
1227 1140 1315 1161 recu-

100 1186 183 1215 savit
197 1183 228 1222 ³).

131 1369 157 1397 1)
178 1370 256 1393 Valde
284 1370 411 1393 memoria
430 1370 507 1400 digna
527 1372 598 1399 sunt,
618 1377 685 1400 quae
705 1370 753 1393 hac
772 1370 803 1393 de
823 1378 851 1393 re
870 1370 924 1394 Von
945 1371 1121 1395 Wilamowitz
1142 1378 1227 1401 nuper
1246 1371 1315 1401 Lug—

99 1409 163 1432 duni
184 1409 339 1433 Batavorum
360 1409 424 1433 dixit
443 1408 487 1437 (cf.
506 1409 618 1439 eploenl.‚
638 1409 680 1433 cui
700 1416 795 1433 nomen
816 1412 853 1433 est
874 1410 921 1441 „N.
940 1410 1155 1433 Rouerdnmsche
1174 1410 1317 1439 Couranf’,

98 1448 122 1472 d.
149 1448 180 1471 12
208 1456 242 1472 ιη.
271 1449 346 1472 Mart.
373 1456 395 1472 a.
422 1448 513 1476 1909):
533 1449 599 1479 „Het
619 1449 737 1472 vom-dee}
759 1457 806 1472 van
826 1449 857 1472 de
879 1449 1053 1473 Hollandsche
1072 1450 1212 1480 philologio
1231 1450 1253 1473 is
1273 1457 1316 1480 ge-

98 1492 179 1512 weest
198 1496 231 1512 en
252 1491 320 1512 moet
340 1488 437 1520 blijven
460 1489 491 1511 de
510 1489 635 1519 grondige
656 1489 751 1512 keuuis
771 1497 819 1512 vau
839 1489 870 1512 de
889 1489 949 1513 taal.
969 1489 1060 1513 Hierin
1080 1489 1183 1513 hebben
1202 1490 1233 1512 de
1254 1490 1315 1513 Hol-

98 1528 204 1552 landers
222 1536 270 1552 een
290 1530 364 1559 groot
384 1528 507 1558 kapitual,
526 1536 647 1552 waarvan
667 1536 727 1552 men
747 1529 831 1559 bopeu
852 1536 911 1560 mag
921 1529 964 1552 dat
976 1529 1020 1552 het
1032 1536 1092 1552 voor
1102 1529 1134 1552 de
1147 1530 1315 1559 wetenschap

99 1575 147 1591 van
175 1568 225 1591 alle
252 1568 347 1591 lauden
376 1567 443 1599 rijke
471 1570 546 1591 rente
574 1568 610 1591 zal
629 1568 736 1598 dragen.
755 1568 890 1592 Wanneer
907 1568 937 1599 zij
958 1568 983 1591 in
1003 1568 1045 1591 die
1064 1568 1178 1598 riehting
1198 1568 1315 1597 werken,

98 1607 134 1630 zal
162 1607 218 1631 hun
243 1607 331 1630 arheid
352 1607 407 1630 niet
426 1607 470 1630 het
489 1607 613 1630 karakter
631 1607 729 1637 dragen
749 1614 797 1630 van
817 1607 862 1630 het
881 1607 970 1630 helaas
989 1607 1012 1630 al
1032 1610 1058 1630 te
1079 1607 1134 1630 vele
1153 1610 1205 1630 wat
1223 1610 1314 1638 tegen-

99 1647 213 1678 woordig
232 1646 318 1670 overal
341 1647 422 1670 wordt
442 1647 643 1677 voortgehracht
662 1649 699 1669 tot
718 1646 882 1677 kortstondig
902 1646 1017 1670 bestaan.
1037 1647 1083 1669 Hel
1104 1647 1192 1669 maakt
1209 1646 1314 1670 beteren

97 1686 195 1710 indruk
223 1694 284 1710 voor
310 1687 354 1710 het
381 1694 428 1717 oog
454 1694 487 1710 en
514 1687 558 1710 het
582 1687 603 1709 is
621 1686 785 1710 streelender
805 1693 865 1709 voor
883 1686 914 1710 de
934 1686 1056 1717 ijdelheid
1077 1693 1119 1709 om
1138 1686 1251 1717 dadelijk
1270 1694 1314 1717 ge-

98 1726 317 1757 volgtrekkingen
341 1729 365 1749 te
385 1726 489 1755 maken,
508 1726 558 1749 dan
577 1733 619 1749 om
639 1725 702 1748 door
720 1725 901 1756 ingespannen
922 1725 1011 1749 arbeid
1031 1725 1063 1748 de
1083 1725 1270 1748 voorwaarden
1290 1727 1315 1748 te

97 1766 207 1796 bepalen
228 1766 381 1789 waaronder
400 1773 460 1789 men
479 1766 547 1789 later
565 1766 707 1789 misschien
727 1768 764 1789 tot
783 1765 1036 1796 gevolgtrekkingen
1055 1765 1106 1789 kan
1126 1765 1315 1796 korne11‚maa1·

96 1807 181 1830 alleen
209 1808 261 1830 met
290 1806 334 1829 het
360 1805 454 1829 laatste
483 1805 554 1828 werk
581 1805 663 1829 houdt
690 1806 722 1828 de
750 1805 917 1836 wetenschap
946 1805 1075 1835 rekening
1096 1823 1101 1828 .
1121 1824 1126 1828 .
1146 1824 1150 1828 .
1171 1804 1314 1829 ,Studeert

97 1846 151 1869 niet
180 1845 319 1876 philologie
338 1846 421 1868 zooals
442 1845 483 1876 wij
505 1845 667 1871 Duitschers,
686 1852 758 1868 maal'
776 1852 809 1875 op
828 1853 870 1868 uw
890 1845 974 1876 eigen,
994 1844 1169 1868 Hollnndsche
1189 1844 1316 1869 nmuier''.

129 1885 156 1914 2)
175 1884 213 1908 Cf.
232 1884 360 1915 „Brieven
380 1885 405 1907 in
426 1884 560 1907 antwoord
583 1892 631 1908 van
652 1884 678 1908 Fi
698 1884 724 1908 C.
743 1884 775 1907 de
794 1884 914 1908 Greuve''
934 1892 957 1914 p.
976 1883 999 1907 9.

128 1923 156 1954 3)
175 1923 270 1947 lisdem
288 1923 312 1947 d.
331 1923 346 1946 6
365 1931 398 1946 m.
419 1922 476 1947 Oct.
494 1930 516 1946 a.
536 1922 599 1946 1837
618 1923 737 1953 scripsit:
757 1923 839 1954 „Het.
852 1943 856 1946 .
869 1943 890 1946 ..
908 1923 1025 1953 Exernpl.
1036 1922 1083 1945 der
1102 1922 1134 1946 W
1146 1922 1183 1945 ed
1196 1923 1313 1954 erleg-

96 1963 182 1994 ging
211 1965 281 1986 moet
304 1963 328 1986 ik
351 1962 514 1994 beleesdelijk
536 1962 727 1993 terugzenden:
747 1962 792 1985 het
811 1963 832 1985 is
851 1962 895 1993 mij
916 1961 1074 1992 onmogelijk
1095 1961 1180 1985 woord
1202 1964 1228 1985 te
1248 1962 1313 1986 hou-

96 2002 161 2032 den3
188 2003 220 2026 de
246 2010 296 2033 pen
316 2003 369 2026 valt
387 2002 431 2034 mij
451 2003 490 2025 uit
508 2002 540 2025 de
559 2002 637 2031 hand,
658 2009 783 2025 wanueer
801 2001 828 2024 ik
848 2001 960 2030 bedenk,
980 2001 1035 2024 niet
1053 2001 1094 2023 dat
1114 2001 1139 2023 ik
1160 2001 1186 2024 iu
1208 2001 1313 2025 vriend-

96 2043 274 2073 schappelijke
293 2042 452 2073 betrekking
471 2044 508 2065 tot
527 2042 594 2065 Prof.
615 2049 664 2065 vau
683 2041 787 2065 Heusde
807 2044 847 2064 sta
867 2041 915 2067 (dit
931 2048 976 2064 zou
993 2048 1058 2064 eene
1069 2040 1184 2063 heusche
1196 2041 1314 2064 receusie

96 2082 151 2106 niet
176 2083 203 2106 in
230 2082 281 2106 den
308 2090 363 2113 weg
390 2082 483 2113 sinan),
511 2090 584 2106 maai·
610 2082 651 2105 dai
680 2082 713 2113 hij
741 2082 864 2113 huiselijk
893 2081 991 2109 onheil,
1018 2081 1058 2104 dat
1088 2081 1148 2104 hem
1167 2081 1254 2112 grieft,
1272 2083 1313 2106 die

97 2123 380 2153 wederlegging
406 2123 468 2146 hem
487 2122 634 2146 moedeloos
653 2122 774 2153 gemaakt
794 2122 873 2145 heeft.
894 2122 921 2145 Ik
941 2129 987 2145 zou
1008 2121 1046 2144 dit
1065 2118 1313 2151 tegenschrist‚niet

96 2163 123 2186 in
151 2165 220 2192 toou,
248 2169 320 2186 maar
347 2162 373 2186 in
401 2162 433 2185 de
462 2162 522 2185 zaak
551 2166 653 2185 moelen
682 2162 861 2192 goedkeuren.
888 2155 1035 2185 Men'doet
1063 2160 1145 2190 beter,
1171 2168 1199 2184 er
1219 2165 1313 2185 vante

96 2201 231 2232 zwijgen'’.

132 2241 262 2265 Iudicium
289 2248 367 2265 suum
395 2241 426 2264 de
454 2240 562 2264 Greuvii
590 2240 718 2272 „Brieven
746 2241 772 2264 in
798 2240 957 2264 Antwoorffl’
982 2248 1035 2264 uno
1062 2248 1131 2264 anno
1159 2244 1216 2271 post
1235 2241 1313 2265 editis

95 2287 157 2303 cum
185 2280 324 2303 Karstenio
348 2280 372 2302 d.
391 2278 406 2302 3
425 2286 459 2302 m.
477 2279 534 2303 Iun⁴
553 2287 574 2303 a.
594 2279 659 2303 1838
678 2279 882 2303 communicavit
902 2279 1027 2310 (epistula
1047 2282 1086 2303 est
1105 2280 1131 2303 in
1152 2280 1311 2304 Bibliotheca

95 2319 176 2349 Lugd.
207 2319 285 2347 Bam:
316 2319 379 2350 „Her
407 2319 471 2342 boek
502 2326 550 2342 van
580 2319 644 2349 prof.
671 2319 703 2342 de
729 2319 834 2342 Greuve
861 2319 911 2342 heb
930 2319 956 2342 ik
976 2319 1091 2349 gelezen.
1111 2319 1155 2342 det
1176 2319 1243 2343 heeft
1263 2328 1310 2344 een
