1673 2768
690 297 730 326 23

101 389 327 430 plaatsachtig’'
349 390 487 426 notavit;
510 389 618 420 Geelio
644 399 718 421 vero
743 390 932 421 videbantur
951 391 1025 421 talia
1046 394 1211 432 praecepta
1224 401 1315 422 num-

101 456 196 486 quam
233 446 309 476 satis
344 445 497 476 inculcari
532 455 625 486 posse
660 446 826 477 Germanis
851 446 1041 487 quibusdam
1066 449 1178 488 iisque,
1204 449 1258 488 qui
1284 450 1315 478 in

103 503 152 533 his
176 502 360 543 regionibus
383 511 492 533 eorum
517 503 656 534 asseclae
681 503 875 534 exstiterant.

143 613 161 653 ξ
197 615 257 644 4η.
294 612 370 643 Post
402 622 446 652 ea,
480 623 562 653 quae
594 614 625 643 in
652 613 794 644 Historia
818 613 929 644 classis
953 615 1063 645 tertiae
1086 614 1144 652 (ed.
1170 625 1195 645 a.
1223 615 1318 653 1833)

98 670 136 700 de
169 669 269 700 Geelii
302 670 334 699 in
368 669 539 708 Polybium
574 669 852 701 observationibus
877 670 1099 708 inveniuntur,
1125 675 1319 702 memoratur

98 727 167 757 eius
192 726 415 756 commentatio
441 726 479 756 de
504 727 719 767 Aristophane
744 727 878 766 eiusque
901 725 999 757 Ranis
1017 725 1047 764 ¹).
1070 726 1134 757 Ubi
1156 727 1232 758 haec
1253 727 1318 758 fere

97 782 249 823 legimus:
288 782 485 822 quaesivisse
521 782 677 823 Geelium,
715 783 791 823 quid
827 783 1059 823 Aristophanes
1095 783 1133 814 de
1164 783 1317 824 Euripide

97 839 283 878 censuisset,
317 838 510 879 explorasse,
543 839 597 879 qui
637 841 738 869 status
770 838 972 879 reipublicae,
1005 840 1059 879 qui
1092 849 1194 870 mores
1218 840 1315 871 Athe-

97 895 257 926 niensium
282 895 321 925 iis
345 894 542 935 temporibus
566 894 712 934 fuissent,
737 896 926 935 exposuisse
945 896 1103 936 propriam
1125 896 1316 936 comoediae,

96 951 254 992 imprimis
278 951 404 990 veteris,
430 960 511 991 quae
537 951 663 991 dicitur,
688 952 751 981 vim
777 954 807 982 et
831 953 997 982 rationem.

140 1007 198 1037 Vir
221 1007 459 1038 illustrissimus
484 1006 515 1038 C.
541 1008 578 1037 A.
605 1007 664 1038 den
689 1007 763 1048 Tex,
788 1009 843 1048 qui
868 1008 900 1039 id
924 1009 1075 1049 temporis
1097 1008 1191 1040 classi
1204 1010 1315 1041 tertiae

97 1063 136 1094 ab
161 1064 239 1094 actis
263 1066 339 1103 erat,
362 1066 544 1104 speraverat
568 1063 643 1104 fore,
669 1068 703 1095 ut
724 1065 870 1105 proximo
893 1064 1203 1096 Commentationum
1226 1066 1315 1097 volu-

97 1121 174 1150 mini
210 1120 286 1151 haec
322 1130 452 1161 quoque
483 1121 656 1161 disputatio
681 1122 885 1161 insereretur,
909 1131 991 1162 quae
1016 1124 1120 1153 tamen
1145 1132 1217 1163 spes
1240 1132 1313 1154 eum

95 1176 213 1216 fefellit,
238 1177 319 1207 hanc
343 1176 476 1208 fortasse
500 1177 539 1208 ob
565 1187 703 1217 causam,
728 1178 813 1218 quod
839 1177 915 1209 Geel
940 1181 1060 1219 partem
1087 1179 1181 1210 huius
1206 1179 1313 1220 dispu-

96 1233 225 1264 tationis
260 1234 442 1264 retractavit
473 1234 505 1264 in
530 1234 680 1273 oratione,
704 1234 756 1264 cui
780 1234 894 1265 titulus
918 1237 982 1266 est:
1011 1234 1213 1274 „Gedachten
1239 1245 1314 1267 over

95 1290 156 1321 den
181 1299 356 1331 oorsprong
379 1300 441 1320 van
466 1290 518 1321 het
542 1290 692 1331 Blijspel’'
709 1288 739 1329 2).

139 1346 176 1377 In
209 1356 272 1387 qua
297 1347 438 1377 oratione
462 1346 624 1377 contendit
648 1346 810 1378 Graeciam
835 1347 879 1378 ita
903 1347 1025 1378 artibus
1049 1349 1252 1389 praestitisse,
1277 1352 1312 1380 ut

93 1488 151 1518 scl.)
174 1495 206 1518 op
232 1487 264 1511 de
292 1487 366 1517 baan,
391 1487 433 1511 die
462 1489 498 1511 tot
523 1487 555 1511 de
572 1487 707 1511 nieuwere
725 1487 883 1511 historische
903 1487 1124 1518 wetenschappen
1143 1488 1230 1512 leiden
1250 1489 1312 1519 kon,

93 1527 143 1550 dan
168 1527 198 1558 zij
218 1526 260 1550 die
279 1534 307 1550 er
326 1526 381 1550 zich
404 1527 451 1550 wel
471 1534 519 1550 aan
541 1527 673 1558 waagden.
691 1527 768 1550 Jacob
787 1527 849 1551 Geel
869 1527 918 1550 had
939 1527 1002 1550 daar
1020 1527 1126 1551 althans
1144 1528 1220 1559 eenig
1239 1528 1313 1552 beses

94 1574 157 1596 van;
185 1574 216 1597 op
243 1566 275 1590 de
302 1566 479 1597 aangehaalde
507 1567 590 1596 plaats
618 1568 654 1597 (p.
675 1566 700 1596 7)
720 1566 802 1598 zijner
821 1567 994 1597 redevoering
1013 1566 1089 1598 blijkt
1106 1574 1164 1590 zeer
1182 1567 1310 1599 duidelijk

92 1606 142 1638 zijn
161 1606 383 1637 ingenomenheid
405 1608 458 1629 met
478 1606 522 1629 het
542 1607 701 1637 „langzaani‚
721 1606 928 1630 schoorvoetend
948 1606 1104 1636 onderzoek,
1122 1606 1166 1630 dat
1177 1607 1311 1631 overleve-

92 1646 186 1677 ringen
212 1653 245 1669 en
272 1646 470 1676 getuigenissen
490 1645 584 1676 uitlegt
603 1653 636 1669 en
659 1648 695 1669 tot
715 1653 764 1669 eeu
783 1645 917 1676 gezonden
936 1645 976 1669 zin
994 1645 1097 1676 brengt,
1116 1646 1159 1669 dat
1178 1646 1312 1670 derzelver

91 1685 356 1716 gelooswaardigheid
376 1685 441 1709 wikt
457 1692 490 1709 en
511 1685 623 1716 weegt'’.

124 1724 151 1755 1)
170 1725 216 1749 Cff.
245 1732 268 1755 p.
296 1725 353 1749 LIlI
379 1727 405 1748 et
432 1725 501 1753 LIV;
528 1724 633 1755 quando
658 1732 716 1748 eam
741 1724 994 1748 commentationem
1014 1724 1077 1748 Geel
1097 1725 1256 1755 recitaverit,
1276 1725 1312 1749 ibi

92 1772 145 1788 non
168 1764 319 1795 invenitur3
339 1765 387 1788 hoc
407 1767 511 1789 tantum
531 1764 704 1788 statuendum
725 1767 773 1794 est,
792 1764 817 1787 id
836 1764 937 1788 factum
956 1771 1012 1788 esse
1031 1765 1102 1788 inter
1120 1772 1142 1789 a.
1161 1764 1226 1788 1829
1245 1767 1270 1788 et
1289 1772 1312 1788 a.

92 1803 164 1834 1832,
185 1811 245 1828 nam
264 1806 325 1827 ante
344 1804 411 1828 hanc
431 1804 683 1828 commentationem
703 1806 947 1839 commemorantur·
965 1803 1048 1827 Geelii
1067 1804 1265 1828 observationes
1284 1804 1310 1828 in

93 1846 145 1867 tres
174 1843 273 1875 Polybii
297 1844 375 1874 locos,
399 1844 430 1867 de
449 1843 547 1874 quihus
565 1851 645 1874 supra
664 1843 765 1874 scripsi,
785 1845 811 1866 et
831 1846 888 1874 post
908 1851 966 1867 eam
985 1844 1172 1867 commentatio
1191 1843 1309 1867 eiusdem

91 1883 123 1907 de
141 1883 247 1907 oraculo
266 1883 400 1914 Delphico,
418 1890 498 1914 quarn
518 1883 655 1906 recitatam
675 1890 731 1906 esse
750 1890 772 1906 a.
792 1882 857 1907 1832
874 1883 942 1906 infra
960 1883 1105 1907 ostendam.

124 1921 151 1951 2)
171 1922 245 1946 Edita
270 1925 309 1946 est
327 1923 354 1946 in
372 1922 463 1951 diario,
483 1923 525 1946 cui
545 1929 642 1946 nomen
661 1925 714 1946 est:
735 1922 788 1954 „De
808 1922 904 1946 Vriend
924 1922 970 1946 des
989 1922 1177 1952 Vaderlands’'‚
1194 1930 1217 1946 a.
1235 1922 1309 1954 1834,

93 1969 116 1992 p.
143 1960 287 1991 369—3923
319 1962 413 1985 deinde
440 1961 456 1985 9
484 1962 595 1993 paginis,
620 1969 687 1992 quae
712 1964 872 1992 sequuntur,
900 1965 1035 1992 oppugnat
1054 1962 1144 1986 Huetii
1162 1962 1309 1986 emtionem

93 2008 170 2031 „over
198 2001 229 2025 de
255 2001 387 2032 blijvende
414 2001 517 2025 waarde
546 2009 595 2024 van
624 2001 823 2032 letterkundige
851 2001 1101 2032 voorthrengselen''
1121 2001 1309 2032 (Hollandsche

93 2040 281 2071 Maatschappij
303 2048 352 2064 van
372 2040 471 2072 Fraaije
490 2041 611 2064 Kunsten
631 2048 663 2064 en
685 2041 927 2071 Wetenschappen,
947 2041 996 2064 vol.
1017 2040 1072 2071 IX).
1092 2040 1154 2064 Geel
1173 2041 1248 2072 longe
1259 2041 1309 2065 alia

92 2080 193 2103 ratione
220 2082 299 2110 atque
326 2080 424 2104 fecerat
452 2080 530 2109 Huet,
557 2080 747 2110 praestantiam
773 2087 885 2110 operum
911 2080 1092 2104 literariorum
1117 2080 1307 2104 aestimandam

90 2126 148 2142 esse
165 2119 323 2150 significavit
342 2122 368 2143 et
387 2119 506 2143 eiusdem
524 2119 721 2143 definitionem:
740 2120 834 2151 ‚,(0pus
855 2120 1015 2150 literarium)
1033 2120 1063 2151 zij
1084 2121 1139 2143 niet
1150 2120 1307 2144 uitsluitend

92 2158 242 2182 verbonden
269 2166 318 2182 aan
345 2166 394 2182 een
420 2158 498 2182 zeker
526 2159 636 2190 tijdvak,
663 2159 690 2182 of
715 2167 764 2183 aan
791 2167 840 2183 een
868 2160 946 2183 enkel
974 2160 1136 2189 land,1naar
1154 2160 1308 2190 algemeen”

91 2198 183 2221 reiecit
202 2198 360 2222 nominatim
378 2198 464 2222 allatis
483 2198 618 2228 Cicerone,
638 2199 758 2229 Pindaro,
778 2199 964 2228 Demosthene,
983 2199 1167 2230 Aristophane,
1185 2199 1252 2223 aliis.

125 2238 250 2261 Memoria
268 2237 346 2268 digna
367 2238 499 2268 videntur,
519 2246 586 2269 quae
606 2246 630 2269 p.
648 2238 697 2262 394
716 2238 748 2262 de
768 2238 859 2262 Ovidio
878 2239 1042 2262 aestimando
1061 2239 1179 2270 scripsit:
1198 2239 1307 2271 „Indien

91 2277 115 2300 al
135 2276 167 2299 de
187 2277 347 2301 liethebbers
365 2278 411 2301 der
430 2277 579 2309 Latijnsche
600 2278 753 2301 Literatuur
772 2286 838 2302 even
858 2278 942 2309 vlijtig
961 2278 987 2302 in
1006 2277 1115 2302 Ovidius
1134 2279 1205 2303 lazen
1223 2279 1261 2302 als
1271 2279 1306 2306 ik,

92 2315 143 2339 dan
161 2323 207 2339 zou
226 2316 268 2339 die
288 2316 395 2340 Dichter
416 2317 511 2341 weldra
532 2318 630 2349 blijken
650 2325 715 2348 geen
741 2318 754 2341 d
768 2325 784 2341 u
796 2325 812 2341 u
824 2325 882 2341 rza
894 2325 943 2341 me
971 2325 1016 2341 wa
1028 2326 1042 2341 a
1054 2318 1089 2342 rd
1101 2326 1114 2342 e
1135 2321 1160 2342 te
1179 2318 1308 2342 hebben'’.
