1673 2768
693 355 754 385 129

114 448 200 479 κακὸν
237 447 374 486 εὔχετο”.
412 447 515 478 Etiam
553 450 678 488 propter
713 445 762 481 ὅση
799 446 873 477 Geel
911 446 1012 483 θκῦμκ
1036 448 1237 487 excogitavit,
1263 458 1326 478 non

114 505 195 535 enim
223 504 380 535 Graecum
406 513 475 534 esse
500 503 613 542 δκκρύω
638 502 687 538 ἴση
712 502 791 533 ἐστὶν
815 503 830 538 ἡ
857 502 948 540 τύχη,
977 513 1068 541 „cum
1094 504 1125 533 in
1150 504 1220 534 istis
1244 504 1326 534 locu-

114 561 254 592 tionibus
279 561 461 601 requiratur
486 560 616 591 verbum
641 560 809 600 cogitandi,
834 559 1032 599 observandi,
1057 560 1200 599 mirandi,
1225 561 1326 601 indig-

114 617 242 648 nandi'‘.
278 617 390 657 Itaque
425 617 543 647 iudicat
580 627 709 657 prorsus
741 626 862 647 errasse
886 615 1056 655 Klotzium,
1082 617 1137 656 qui
1161 616 1326 647 lectionem

114 674 258 704 codicum
295 673 485 704 defendisset
510 673 568 703 hoc
593 673 738 713 exemplo
763 673 873 703 allato:
899 672 974 712 ὁρᾷς,
998 671 1158 707 Ὀδυσσεῦ,
1183 672 1236 707 τὴν
1261 672 1326 702 θεῶν

117 730 204 768 ἰσχὺν
228 728 288 765 ὅση.

158 786 265 817 Restat
301 796 412 817 versus
452 787 544 825 1371,
579 787 609 816 in
645 796 707 826 quo
735 785 973 827 „Hermannum
999 786 1084 826 piget
1110 785 1329 815 Valckenaerii

114 842 334 883 argutiarum'‘
370 843 408 873 de
442 842 537 873 verbo
571 841 725 876 δικδόντες.
751 841 1002 872 Enumeraverat
1026 841 1191 872 Hermann
1218 851 1331 872 versus

114 899 288 940 Euripidis,
323 900 355 929 in
389 898 507 939 quibus
533 898 611 937 κόρκι
636 899 816 929 dicerentur
841 897 1031 936 δικφέρεσθκι
1059 898 1107 928 vel
1132 897 1329 928 διαιδίδοσθκι.

118 955 221 995 „Quid
247 955 450 986 iuvabunt?''
474 974 507 977 —
536 956 578 986 ita
603 955 677 986 Geel
705 974 740 976 —
772 955 990 993 „dubitavitne
1015 956 1186 995 quisquam
1213 955 1328 985 dicere:

116 1013 280 1043 oculos
315 1013 399 1042 huc
436 1012 506 1042 vel
543 1012 663 1042 illuc
700 1011 911 1042 vertere?
935 1015 966 1042 et
990 1015 1094 1041 tamen
1121 1014 1210 1051 rogat
1235 1009 1330 1052 (H.):

119 1070 165 1108 „si
190 1069 243 1099 illa
267 1069 347 1099 dixit
372 1068 550 1109 Euripides,
577 1078 638 1098 non
665 1068 789 1098 licuerit
814 1069 841 1098 ei
867 1068 986 1098 dicere:
1012 1067 1160 1102 δικδόντες
1184 1067 1332 1102 ἀλλήλοις

116 1125 246 1164 κόρκςῬ”
271 1125 412 1165 Minime,
437 1125 525 1155 aliud
549 1126 632 1156 enim
659 1128 746 1155 esto
760 1134 776 1154 c
791 1125 866 1154 ulo
880 1134 894 1154 s
931 1124 970 1154 al
985 1125 993 1154 i
1008 1135 1027 1165 q
1043 1135 1062 1155 u
1078 1134 1094 1155 o
1127 1134 1144 1153 v
1160 1127 1227 1155 ert
1242 1120 1332 1163 ere,

116 1183 202 1213 aliud
239 1182 404 1212 oculos
440 1181 533 1212 sibi
569 1182 770 1211 invicem
808 1180 1028 1211 tradere‘’.
1053 1180 1331 1219 Siveroxo‘pxtsu-

116 1241 277 1269 merentur
302 1248 356 1278 pro
383 1241 473 1276 nutu,
495 1237 570 1278 quid
592 1247 661 1268 esse
674 1237 817 1267 absolute
831 1237 949 1267 dictum
963 1237 1043 1267 illud
1057 1235 1245 1275 κᾶβλεψκνῗ)
1261 1237 1331 1276 „An

116 1295 226 1325 oculos
261 1295 386 1325 clausos
418 1294 584 1332 habebant,
610 1295 794 1334 priusquam
820 1293 880 1324 sibi
907 1294 964 1324 hos
987 1294 1122 1324 invicem
1147 1293 1330 1324 traderent?

116 1355 171 1382 aut
195 1361 257 1381 non
284 1352 458 1391 requiritur
483 1360 624 1391 praepos.
652 1350 693 1385 εἷς
718 1350 766 1381 vel
793 1349 873 1389 πρός,
899 1353 953 1380 aut
977 1351 1106 1380 omnino
1130 1349 1205 1380 ferri
1229 1352 1332 1390 potest

116 1409 253 1438 otiosum
291 1407 421 1438 verbum
460 1407 596 1445 videndi,
622 1407 712 1447 quasi
738 1407 769 1436 in
796 1407 936 1436 oratione
961 1406 1064 1436 soluta
1088 1406 1190 1436 dicas:
1217 1404 1330 1443 ἔτυῲκν

115 1464 260 1500 ἀλλήλοις
296 1463 506 1501 ἐμβάλλοντες
531 1462 681 1499 mansae?
706 1462 777 1492 Non
803 1462 927 1501 latebat,
952 1463 1071 1502 opinor,
1096 1461 1236 1501 Poetam,
1262 1471 1330 1492 mu-

116 1524 207 1552 tuum
243 1521 399 1552 eiusmodi
435 1520 620 1561 adspectum
656 1519 947 1549 admirantiu
963 1528 991 1548 m
1029 1527 1097 1548 esse
1128 1520 1159 1548 et
1183 1518 1331 1548 tacite

117 1579 160 1608 in
176 1578 429 1618 dignantia
444 1587 491 1615 m,
526 1586 588 1606 non
626 1576 800 1606 dolentium
836 1575 936 1605 oculis
973 1575 1168 1613 lacrymosis.
1201 1574 1249 1604 [ta
1272 1574 1333 1605 fert

118 1638 231 1665 natura
267 1635 416 1673 humana,
450 1634 543 1663 cuius
579 1632 830 1663 observationem
863 1641 933 1661 raro
966 1630 1129 1662 omittebat
1152 1630 1331 1671 Euripides,

118 1691 274 1731 quidquid
299 1691 331 1720 in
357 1690 427 1720 aliis
454 1699 695 1729 nonnumquam
721 1692 871 1728 peccaret.
897 1687 1095 1728 Quapropter
1123 1687 1228 1717 malim
1253 1687 1331 1717 nihil

117 1747 182 1778 fere
221 1750 348 1777 mutans
384 1746 552 1777 restituere
587 1743 772 1783 κᾶκλεψκν”.
809 1744 870 1774 Pro
906 1743 1052 1778 δικδόντες
1087 1744 1220 1784 requirit
1257 1742 1332 1774 Geel

119 1803 304 1842 διαδιδόντες,
329 1803 423 1843 quod,
448 1805 483 1832 ut
506 1801 669 1833 Wecklein
695 1802 726 1831 in
748 1801 832 1831 calce
853 1799 954 1839 habet,
974 1801 1006 1830 in
1028 1800 1149 1840 aliquot
1169 1799 1332 1830 codicibus

118 1860 250 1901 legitur:
289 1869 372 1900 „qua
406 1859 541 1889 lectione
576 1861 709 1898 recepta,
742 1867 852 1888 versus
878 1857 1005 1897 quidem
1033 1858 1138 1887 minus
1164 1865 1332 1887 numerose

117 1917 264 1957 procedit,
289 1916 398 1947 eodem
423 1918 527 1946 tamen
553 1924 631 1945 sono
656 1924 718 1954 quo
739 1914 887 1954 permulti
908 1914 941 1943 in
955 1912 1118 1953 Euripide,
1130 1913 1229 1943 veluti
1244 1937 1249 1942 .
1264 1911 1332 1942 ...’'

118 1973 209 2003 Hanc
244 1982 356 2003 versus
391 1972 534 2010 formam,
569 1971 667 2011 igitur
692 1970 766 2001 Geel
793 1970 973 2010 proposuit:
999 1967 1163 2006 κᾶβλεψαν
1187 1968 1333 2004 ἀλλήλοις

119 2028 298 2064 διαδιδόντες
322 2027 416 2067 κόραις.

163 2087 212 2117 Ad
247 2089 425 2117 extremum
461 2085 613 2125 legimus:
654 2083 792 2124 „quibus
824 2083 901 2113 haec
934 2082 1104 2122 disputatio
1129 2091 1198 2112 mea
1222 2081 1260 2112 de
1284 2081 1333 2111 his

119 2143 220 2174 tribus
257 2142 402 2173 versibus
434 2151 497 2171 non
522 2141 633 2181 placet,
658 2150 713 2180 per
738 2149 787 2170 me
811 2139 882 2169 licet
908 2138 1171 2169 Valckenaerium
1196 2147 1333 2178 sequan-

121 2203 181 2237 tur,
213 2208 331 2239 eosque
363 2208 427 2228 una
462 2198 556 2228 litura
581 2196 735 2228 deleant”.
760 2195 831 2226 Non
857 2197 889 2225 in
915 2195 1086 2235 appendice
1112 2204 1180 2225 mea
1205 2194 1333 2234 quidem

121 2256 278 2296 opinione,
314 2255 369 2286 sed
404 2256 437 2284 in
474 2254 557 2284 calce
592 2253 676 2294 apud
714 2252 947 2283 Weckleinium
982 2250 1138 2281 debebant
1170 2260 1239 2281 esse
1263 2251 1334 2281 illae

122 2312 221 2343 Geelii
248 2313 457 2342 coniecturae.

166 2367 330 2398 Nonnulla
343 2367 381 2397 ab
395 2366 579 2397 Hermanno
592 2367 625 2396 in
640 2365 906 2396 Valckenaerium
920 2373 982 2394 non
998 2364 1105 2394 minus
1118 2363 1229 2394 acerbe
1239 2366 1335 2404 atque

1219 2418 1236 2442 9
