1673 2768
720 318 780 348 123

622 459 800 489 CAPUT
837 459 885 488 ΙΙ.

383 550 481 570 GEELII
505 550 543 570 DE
568 549 792 570 VALCKENAERH
817 549 955 569 EDITIONE
980 548 1124 568 IUDICIUM.

188 620 206 659 ξ
233 621 259 650 1.
285 619 345 650 His
369 621 523 660 expositis
549 620 723 658 videamus,
747 630 810 660 quo
834 620 925 650 modo
947 619 1021 649 Geel
1036 617 1303 650 Valckenaerium
1318 618 1356 648 ab

143 676 400 707 accusationibus
424 679 520 716 atque
540 676 833 707 insimulationibus
854 675 1081 705 nonnullorum
1096 676 1236 705 virorum
1252 675 1356 704 docto-

142 742 213 762 rum
239 732 420 763 defenderit.
449 732 583 771 „Deberi
609 734 691 763 enim
719 733 776 762 hoc
801 732 962 772 putabam,
983 732 1098 772 inquit,
1119 731 1267 761 manibus
1288 731 1358 769 viri,

143 789 236 819 cuius
272 792 393 829 praeter
429 790 599 819 immensas
632 789 791 819 doctrinae
823 789 929 829 copias
964 789 1144 828 „egregium
1171 785 1357 827 ingenium'’

143 844 348 875 Hermannus
383 845 450 885 ipse
483 845 724 885 praedicaverat.
752 844 860 883 Multa,
884 845 992 883 fateor,
1016 845 1047 874 in
1074 845 1175 885 prima
1199 853 1357 874 commen-

143 901 261 931 tatione
285 901 379 941 paulo
405 901 533 931 duriora
558 902 825 941 conscripseram:
852 901 928 931 haec
954 911 1027 932 vero
1053 900 1183 939 δεύτερκι
1199 899 1358 938 φροντίδες

143 957 373 997 praeciderunt.
411 957 535 988 Etenim
572 958 603 987 in
640 959 750 998 primis
786 967 897 988 cavere
935 958 1031 998 volui,
1065 967 1104 988 ne
1128 958 1357 988 committerem

143 1023 218 1054 erga
241 1013 474 1053 Hermannum,
499 1015 584 1055 quod
610 1014 660 1045 hic
686 1015 718 1044 in
740 1014 969 1045 Valckenaerio
990 1014 1173 1055 castigando
1186 1013 1357 1044 identidem

143 1071 311 1108 commisit,
336 1074 371 1101 ut
395 1072 513 1101 tirones
538 1071 576 1101 ab
602 1071 664 1101 illis
689 1071 868 1101 reconditae
893 1071 1053 1101 doctrinae
1078 1071 1235 1101 thesauris
1260 1069 1358 1109 repel-

143 1126 220 1156 leret
256 1127 371 1167 potius,
408 1137 501 1167 quan]
540 1127 663 1158 doceret
701 1137 763 1167 quo
805 1128 895 1158 modo
931 1128 969 1158 iis
1006 1127 1159 1158 utendum
1196 1127 1246 1166 sit,
1272 1125 1359 1156 salva

144 1184 346 1214 veneratione
371 1193 452 1224 quae
477 1183 674 1224 principibus
701 1185 776 1214 viris
801 1184 962 1225 debeatur,
987 1187 1018 1215 et
1041 1194 1143 1225 aequa
1164 1184 1360 1223 honestaque

143 1249 285 1270 errorum
310 1239 574 1281 reprehensione”
592 1238 625 1280 1).

188 1295 325 1326 Multum
359 1300 467 1327 contra
491 1296 754 1327 Valckenaerium
781 1297 884 1329 dicere
908 1299 978 1328 ausi
1003 1301 1078 1329 sunt
1102 1297 1204 1337 Klotz,
1229 1297 1358 1327 Firnha-

144 1352 198 1383 ber
213 1350 250 1393 2),
282 1354 449 1393 praecipue
482 1353 657 1394 Hermann,
682 1354 736 1384 sed
762 1353 836 1385 Geel
862 1364 1021 1394 nusquam
1048 1355 1176 1385 modum
1203 1354 1357 1385 excessit:

143 1409 251 1439 laudat
286 1412 316 1440 et
352 1409 627 1449 Valckenaerium,
661 1410 817 1450 explicata
851 1410 1012 1441 interdum
1046 1411 1114 1441 eius
1141 1411 1305 1449 sententia,
1330 1412 1360 1440 et

143 1466 340 1496 adversarios
365 1467 450 1504 eius3
476 1476 568 1507 saepe
592 1467 846 1497 adversariorum
873 1470 995 1497 tantum
1023 1467 1118 1498 verba
1139 1467 1237 1506 affert,
1250 1469 1285 1497 ut
1298 1466 1359 1506 ipsi

143 1522 342 1553 insolentiam
368 1532 456 1553 suam
482 1526 555 1553 ante
579 1523 687 1553 oculos
712 1523 862 1561 habeant3
885 1533 1034 1564 persaepe
1055 1526 1159 1554 autem
1174 1523 1274 1554 isdem
1291 1531 1358 1553 ver-

144 1578 191 1609 bis
216 1579 414 1609 adversarios
435 1579 628 1619 perstringit,
649 1579 766 1619 quibus
786 1580 854 1620 ipse
867 1580 898 1609 in
913 1579 1177 1610 Valckenaerium
1194 1580 1241 1610 usi
1262 1582 1359 1610 erant.

188 1634 287 1665 Cuius
321 1636 452 1666 rationis
490 1645 589 1665 unum
626 1636 807 1676 exemplum
844 1635 981 1666 afferam.
1018 1636 1192 1666 Firnhaber
1229 1636 1359 1676 oblituS,

144 1692 220 1732 quid
241 1692 373 1732 deceret,
397 1693 583 1732 scripserat:
613 1692 688 1730 „der
713 1692 909 1733 Auffassung
933 1692 1179 1730 (Valckenaerii)
1204 1693 1288 1723 kann
1304 1692 1359 1723 das

143 1748 288 1779 Priidicat
324 1748 378 1779 der
413 1748 595 1789 Plumplieit
631 1749 814 1789 unmoglich
851 1734 1015 1779 bestritten
1049 1749 1215 1788 werden”;
1240 1748 1358 1790 quibus

144 1804 219 1835 Geel
255 1805 330 1835 haec
356 1804 521 1845 respondit
536 1803 580 1846 3):
610 1805 656 1844 „si
681 1805 757 1835 haec
781 1808 924 1845 spectant
948 1805 1079 1836 verbum
1118 1806 1358 1842 minitari,

144 1871 207 1901 quo
232 1871 311 1892 usus
336 1865 383 1892 est
408 1861 668 1902 Valckenaerius,
689 1865 819 1903 apparet
838 1862 958 1903 fugisse
978 1862 1209 1893 Firnhaberum
1224 1862 1358 1892 latinum

143 1927 228 1949 esse:
256 1919 424 1948 minari
448 1918 600 1949 alicui
627 1921 813 1949 mortem
839 1919 857 1949 i.
881 1928 906 1950 e.
928 1918 1183 1949 affirmare
1207 1919 1359 1949 alicui

143 1984 238 2005 eum
274 1978 460 2005 mortem
497 1974 714 2016 effugere
749 1985 835 2005 non
872 1984 1085 2016 posse....
1112 1974 1173 2006 Sed
1199 1976 1359 2016 corrumpi

143 2032 318 2070 veritatem,
343 2041 406 2061 non
432 2032 602 2062 intellectis
626 2032 758 2073 graecis,
783 2042 846 2072 quo
870 2032 996 2062 tandem
1021 2031 1240 2072 „praedicato”
1261 2033 1358 2073 insig-

144 2087 315 2118 niemus'’?
341 2087 386 2118 De
413 2087 618 2129 Firnhabem,
644 2089 699 2129 qui
724 2098 788 2119 uno
813 2091 937 2119 tantum
962 2089 1100 2119 alterove
1124 2089 1192 2119 loco
1212 2099 1229 2119 a
1251 2088 1358 2119 Geelio

177 2215 187 2238 1
222 2216 306 2239 Praef.
345 2235 350 2240 .
369 2216 410 2240 VI.

176 2215 203 2284 23
222 2255 284 2286 „Die
307 2223 552 2286 VErdiichtigungen
573 2256 785 2286 Euripideischer
804 2256 893 2285 Verse,
913 2256 1062 2281 beleuclitet
1087 2257 1138 2281 und
1160 2258 1186 2282 in
1206 2258 1256 2282 den
1277 2258 1360 2283 Phoe-

144 2294 231 2317 nissen
252 2294 303 2317 und
323 2295 369 2317 der
388 2295 477 2318 Medea
496 2295 756 2326 zu1*iickgewiese11'*,
774 2295 876 2327 Lipsiae
895 2303 917 2319 a.
936 2295 1008 2320 1840.

176 2332 203 2363 3)
221 2333 319 2357 Corum.
339 2342 363 2364 p.
381 2333 438 2358 196.
