1673 2768
697 326 735 354 81

109 420 281 450 orationem
317 418 392 449 XII.
425 419 610 457 contulerat,
636 418 733 448 altera
757 427 797 448 ex
825 418 977 448 Urbinate
1001 419 1029 448 ei
1054 418 1136 448 dono
1161 419 1232 448 data
1256 422 1321 449 erat

109 486 127 506 a
161 475 355 513 Niebuhri03
392 475 530 515 denique
565 475 700 505 varietas
736 474 906 505 lectionum
943 474 981 504 ab
1014 474 1256 505 Hemsterhusio
1289 475 1321 504 in

109 532 250 573 margine
284 531 431 562 editionis
467 531 672 562 Morellianae
711 540 770 569 „ex
806 531 937 571 pagellis
970 534 1088 571 septem
1122 531 1323 562 membranae

109 587 246 619 veteris”
271 588 430 628 adscripta
453 588 493 618 ad
517 598 545 628 p.
572 587 785 618 567a—589c
809 590 839 618 et
863 587 901 617 ad
927 597 956 627 p.
982 588 1182 617 632—6380.

156 644 262 684 „Haec
298 644 448 683 subsidia,
484 645 590 684 inquit
625 643 710 683 Geel,
742 644 893 684 quoniam
920 642 1188 674 Commentarium
1215 652 1323 683 perpe-

109 704 201 732 tuum
227 700 363 732 scribere
388 710 450 731 non
476 701 713 740 constitueram,
737 703 861 730 tantum
887 699 942 730 ubi
963 699 1101 739 lubebat,
1121 699 1176 730 sed
1190 699 1324 730 fideliter

110 757 261 788 adhibui’'
278 756 309 797 1).

154 863 225 902 §Z
266 862 317 892 Ex
360 861 472 893 Dionis
517 861 680 892 codicibus
712 861 743 892 id
778 862 929 902 temporis
965 860 1026 891 sibi
1062 862 1146 891 notis
1180 861 1324 901 optimos,

111 929 304 960 quamquam
340 919 576 950 recentissimos
592 916 626 958 ²),
662 918 814 948 iudicavit
849 917 973 948 codices
1006 916 1069 958 0³)
1101 920 1131 948 et
1154 916 1235 957 M4),
1263 918 1324 956 „ita

111 976 240 1015 similes,
283 978 318 1006 ut
360 978 538 1016 congruant
572 975 702 1014 origine,
739 974 918 1014 discrepent
953 973 1143 1004 erroribus'’.
1178 973 1325 1004 Meliores

114 1033 238 1063 codices
263 1042 280 1063 a
305 1031 421 1063 Cobeto
446 1031 573 1062 demum
598 1032 720 1061 inventi
745 1034 836 1062 sunt:
862 1030 902 1069 H,
927 1030 961 1069 P,
986 1030 1015 1059 V
1030 1033 1059 1067 ⁵).

156 1089 286 1120 Codices
311 1088 334 1119 C
359 1091 389 1120 et
414 1088 446 1118 M
470 1091 576 1118 autem
615 1097 697 1127 „non
723 1088 765 1118 ita
789 1090 918 1118 secutus
943 1089 1023 1125 (est),
1046 1087 1122 1127 quin
1149 1085 1285 1117 subinde
1310 1095 1326 1116 e

111 1146 244 1186 reliquis
280 1144 457 1186 sumere(t),
493 1144 576 1185 quod
613 1145 718 1184 aptius
754 1147 851 1174 esset:
890 1144 921 1173 in
958 1153 1020 1184 quo
1046 1143 1150 1174 denuo
1175 1146 1326 1183 expertus

111 1205 190 1241 (est),
224 1201 291 1232 fieri
328 1211 420 1242 posse
443 1205 479 1232 ut
503 1202 535 1231 in
560 1201 698 1241 pessimo
723 1200 802 1230 libro
826 1200 947 1240 aliquid
972 1199 1072 1230 bonae
1094 1199 1239 1229 lectionis
1263 1208 1326 1239 quo

111 1259 202 1299 lapsu
238 1258 416 1288 traditionis
430 1257 455 1298 6)
488 1256 699 1298 propagetur‘'
714 1255 749 1297 τ).
775 1256 870 1287 Recte
893 1256 1044 1286 iudicavit
1068 1265 1131 1286 non
1157 1256 1233 1286 satis
1258 1264 1327 1285 esse

114 1316 160 1354 „si
184 1315 373 1355 inspexeris,
398 1315 453 1354 qui
478 1314 602 1352 (codex)
627 1314 738 1344 ceteris
763 1315 864 1344 aetate
889 1313 974 1353 prior
998 1313 1039 1343 sit
1064 1312 1112 1343 vel
1137 1321 1153 1342 e
1178 1312 1326 1342 vetustis-

111 1372 192 1401 simo
218 1371 363 1401 videatur
390 1368 598 1410 fluxisse’'⁷).

155 1427 266 1457 Libros
313 1427 545 1467 manuscrIptos
588 1426 695 1457 divisit
738 1426 770 1456 in
809 1425 954 1456 meliores
990 1428 1019 1455 et
1055 1425 1236 1463 deteriores,
1272 1423 1326 1454 sed

113 1483 274 1525 quomodo
298 1483 361 1522 ille,
373 1484 428 1523 qui
442 1486 575 1523 excepto
589 1482 696 1513 codice
710 1482 741 1512 M
755 1483 822 1523 ipse
835 1483 970 1523 optimos
984 1481 1108 1512 codices
1122 1481 1155 1520 P,
1170 1480 1206 1520 U,
1220 1480 1249 1509 V
1262 1490 1326 1510 non

112 1541 265 1579 novisset,
289 1539 473 1570 affinitatem
499 1542 529 1570 et
553 1539 769 1580 genealogiam
794 1538 1024 1570 constitueret?
1050 1537 1120 1568 Viri
1145 1537 1228 1568 docti
1242 1537 1326 1567 enim

113 1596 217 1627 adhuc
242 1595 450 1626 dissentiunt:
472 1594 520 1625 De
533 1596 645 1625 Arnim
661 1595 685 1633 ὅ)
697 1595 849 1625 familiam
863 1594 889 1625 P
901 1594 943 1632 (H
956 1594 987 1624 Y
1001 1593 1044 1632 C),
1057 1593 1167 1632 Sonny
1180 1593 1205 1633 ⁹)
1219 1595 1328 1623 contra

114 1656 144 1683 et
169 1652 296 1683 Schmid
315 1650 355 1692 10)
378 1651 531 1682 familiam
556 1651 583 1682 U
612 1651 650 1681 ab
676 1652 847 1692 archetypo
867 1651 997 1691 propius
1021 1649 1130 1681 abesse
1154 1649 1295 1680 credunt.

164 1798 190 1829 1)
208 1799 293 1823 Praef.
311 1806 335 1829 p.
354 1798 434 1822 XXII.

162 1838 189 1870 2)
206 1838 291 1862 Praef.
309 1845 334 1868 p.
352 1837 418 1861 XIV.
429 1845 467 1868 sq.

162 1877 189 1909 3>
207 1878 292 1908 „Huic
318 1877 408 1907 codici,
435 1884 496 1900 cum
524 1877 640 1907 primum
659 1876 779 1900 omnium
797 1876 891 1899 tertiae
910 1875 1000 1899 classis
1019 1875 1147 1899 librorum
1165 1875 1329 1905 innotuisset,

114 1919 260 1949 plurimum
277 1917 445 1941 tribuebatur
462 1924 476 1940 a
495 1915 582 1940 Geelio
601 1916 794 1946 Emperioque‘’
813 1915 913 1946 (Sonny
932 1916 966 1939 l.l.
987 1923 1009 1946 p.
1028 1915 1080 1945 32).

164 1957 190 1988 4)
209 1957 375 1988 „Plurimum
396 1956 459 1980 huic
478 1956 544 1980 libro
563 1956 681 1985 debetur,
701 1962 762 1979 uam
782 1962 796 1978 a
814 1955 949 1978 communi
969 1954 1248 1978 meliorumlibrorum
1259 1954 1329 1977 fonte

114 1997 222 2029 propius
240 1997 320 2028 abest,
338 2003 418 2027 quam
437 1999 540 2026 praeter
559 1996 675 2020 codicem
696 1995 846 2019 Palatinum
864 1993 914 2018 117
933 1998 956 2018 et
975 1994 995 2018 V
1014 1995 1085 2018 ullus
1103 1994 1187 2018 alius*
1200 1993 1329 2024 (Emperii

115 2037 196 2068 praef.
212 2044 236 2067 p.
248 2036 304 2066 XI.)
315 2036 350 2059 De
361 2035 455 2059 Arnim
468 2035 547 2059 Proll.
557 2043 580 2066 p.
590 2035 620 2059 V.
631 2037 656 2058 et
668 2035 719 2059 alia
728 2034 828 2058 ethaeo
839 2034 871 2057 de
881 2034 968 2057 codice
979 2034 1004 2057 M
1014 2033 1133 2064 scripsit:
1143 2040 1247 2063 „neque
1257 2033 1328 2056 enim

115 2084 146 2100 ex
173 2076 225 2100 ullo
252 2078 401 2099 ceterorum
419 2075 540 2099 codicum
559 2077 642 2105 potest
661 2074 809 2104 descriptus
828 2081 893 2104 esse,
911 2073 954 2097 sed
976 2081 1022 2104 per
1040 2073 1232 2103 exemplarium
1252 2073 1329 2102 vices,

114 2123 182 2147 quae
200 2119 310 2139 aetatem
328 2122 381 2138 non
398 2114 528 2145 tulerunt,
547 2122 578 2138 ex
597 2114 652 2145 ipso
671 2114 813 2144 archetypo
831 2113 966 2137 derivatus
984 2113 1048 2136 est''.

163 2155 190 2186 5)
208 2155 244 2179 Cf.
262 2153 378 2185 Emperii
397 2161 422 2184 p.
440 2154 484 2184 lx,
502 2154 534 2185 X,
552 2153 597 2177 791
618 2156 644 2177 et
664 2153 792 2183 „Brieven
805 2159 854 2175 van
865 2151 945 2176 Cobet
955 2159 1004 2175 aan
1017 2151 1095 2175 Gees‘
1106 2159 1129 2182 p.
1139 2150 1197 2181 399,
1206 2150 1263 2181 40⁶2,
1272 2149 1330 2174 410.

165 2194 193 2224 6)
210 2194 269 2218 Non
286 2201 514 2224 supervacaneum
534 2196 590 2217 erat
611 2193 720 2217 addere:
740 2192 781 2215 vel
800 2191 914 2222 quadam
933 2191 1105 2215 correctione.

165 2233 192 2265 7)
211 2233 296 2257 Praef.
314 2240 339 2264 p.
356 2232 411 2257 XV.

165 2273 192 2304 8)
210 2273 289 2296 Proll.
307 2279 332 2303 p.
349 2272 475 2303 XXXIII„
494 2272 630 2302 XXXVII„
649 2271 756 2302 passim.

165 2312 192 2342 9)
210 2312 246 2337 l.l.
263 2319 287 2342 p.
306 2311 328 2341 1,
347 2312 452 2342 passim.

149 2351 192 2381 10)
211 2351 285 2382 Apud
306 2351 531 2382 Parily-Wissowa
553 2351 600 2374 vol.
619 2350 648 2374 V.
667 2350 715 2374 col.
733 2348 790 2373 875.
