1673 2768
900 309 939 338 52

357 403 517 434 Volumen
542 402 598 433 III.
623 412 680 433 sex
704 404 826 432 tantum
855 399 1046 439 „censuras”
1072 397 1527 438 Geeliiexhibet.1mprobavit

314 460 463 499 Aeschyli
500 459 670 490 Persarum
702 458 882 496 editionem,
906 467 924 487 a
946 455 1073 496 Langeo
1097 458 1127 486 et
1151 455 1306 496 Pinzgero
1331 456 1529 493 instructam,

316 517 480 556 suasitque
505 514 687 554 editoribus,
711 517 746 545 ut
769 514 958 544 industriam
987 513 1039 551 „in
1064 521 1174 552 prosae
1199 512 1350 542 orationis
1375 512 1528 551 scriptore

315 572 604 609 colloca(rent>....
642 571 716 611 quia
752 570 832 600 nihil
868 569 955 599 decet
991 569 1092 598 invita
1117 567 1269 607 Minerva,
1292 567 1323 598 id
1348 569 1394 598 est
1418 566 1527 597 adver-

315 631 403 659 sante
428 631 457 659 et
480 630 676 668 repugnante
700 625 835 657 natura’'
851 624 880 663 1).

359 684 509 715 Probavit
554 683 734 714 Frotscheri
777 692 873 722 opus:
913 680 1140 720 „Quinctiliani
1175 679 1265 711 Instt.
1302 679 1399 710 Oratt.
1434 678 1529 709 Liber

314 740 487 772 Decimus''
500 739 535 778 2).

359 796 513 827 Laudavit
549 796 712 827 Westrikii
749 795 996 835 disputationem
1028 794 1199 824 literariam
1224 793 1443 833 inauguralem
1473 791 1530 830 „de

315 854 467 893 Aeschyli
504 853 703 893 Choephoris,
740 852 842 892 deque
874 851 999 882 Electra
1023 860 1094 881 cum
1121 850 1286 890 Sophoclis
1310 852 1377 880 tum
1403 849 1529 889 Euripi-

316 909 385 941 dis”
401 908 432 948 3).
458 909 607 940 Maximis
632 907 780 939 laudibus
807 908 894 938 effert
920 906 1089 937 Godofredi
1114 906 1291 937 Hermanni
1316 906 1353 936 de
1377 905 1529 944 Aeschyli

316 965 491 996 Philocteta
526 965 784 1005 disputationem,
820 965 852 994 in
890 973 953 1004 qua
977 964 1046 994 eius
1074 963 1220 1002 „criticae
1243 962 1403 992 facultatis
1427 961 1530 992 excel-

316 1023 413 1053 lentia
449 1021 615 1059 eluce(a)t”
652 1021 822 1051 coniuncta
860 1030 953 1059 „cum
989 1020 1121 1050 rationis
1155 1019 1378 1060 grammaticae
1414 1018 1529 1049 severi-

316 1077 401 1108 tate'’
417 1080 445 1115 4).

359 1134 553 1174 Hengelium
589 1134 836 1163 Annotationem
873 1142 963 1163 suam
989 1133 1021 1162 in
1047 1132 1115 1162 loca
1139 1132 1294 1162 nonnulla
1317 1131 1401 1162 Novi
1424 1131 1530 1162 Testa-

317 1191 415 1221 menti
449 1190 587 1230 „insigui
620 1190 761 1220 doctrina
784 1192 815 1220 et
839 1188 1023 1229 diligentia''
1048 1189 1212 1230 scripsisse
1237 1191 1267 1219 et
1291 1188 1449 1229 profanos,
1474 1189 1529 1228 qui

317 1247 476 1286 dicuntur,
511 1247 681 1286 scriptores
717 1246 836 1276 utiliter
871 1245 1056 1276 adhibuisse
1079 1248 1174 1285 atque
1197 1246 1315 1285 optime
1338 1244 1531 1285 explicuisse

316 1307 346 1334 et
380 1303 511 1334 feliciter
546 1302 731 1333 emendasse
766 1301 885 1332 iudicat
898 1300 929 1339 ⁵).
962 1301 1097 1342 Flagitat
1124 1300 1182 1340 „ab
1207 1300 1362 1341 Hengelio
1386 1300 1531 1341 aliisque,

317 1361 369 1400 qui
406 1360 514 1390 eodem
551 1362 626 1390 sunt
661 1359 789 1399 ingenio
822 1360 852 1389 et
876 1358 1045 1399 exquisitis
1070 1358 1257 1389 eruditionis
1282 1358 1389 1398 copiis,
1414 1360 1528 1388 ut....

316 1416 438 1456 erigant
461 1415 613 1456 paulatim
637 1416 775 1446 iacentes
800 1414 919 1454 Patres,
945 1424 1080 1455 quorum
1106 1414 1199 1445 lectio
1224 1424 1287 1445 non
1312 1414 1405 1444 modo
1429 1413 1528 1454 philo-

316 1473 416 1513 logiae
451 1482 558 1503 sacrae
594 1482 698 1512 causa,
735 1482 929 1513 quamquam
966 1472 1024 1502 hoc
1061 1481 1212 1512 magnum
1248 1475 1295 1502 est
1326 1473 1356 1502 et
1381 1480 1399 1501 a
1423 1470 1531 1501 multis

318 1614 419 1638 hebben
447 1622 542 1645 ergens
569 1615 684 1645 gelezen,
710 1614 752 1637 dat
779 1621 827 1638 een
852 1614 923 1645 regel
941 1613 1183 1644 ongeaccentueerd
1202 1613 1330 1638 Grieksch
1350 1620 1414 1636 naar
1432 1620 1480 1637 een
1499 1613 1530 1645 rij

317 1654 433 1678 soldaten
460 1654 555 1678 zonder
582 1661 686 1685 geweer
713 1653 812 1685 gelijkt.
840 1653 886 1676 Hel
914 1653 1013 1677 zouden
1032 1653 1082 1676 dus
1100 1652 1224 1684 eigenlijk
1244 1659 1390 1676 onervaren
1409 1655 1531 1676 recruten

318 1694 376 1725 zijn,
404 1693 486 1717 onder
512 1693 672 1724 aanvoering
701 1700 750 1716 van
770 1693 820 1716 den
839 1692 1012 1716 drilmeesteri
1031 1693 1067 1716 De
1086 1692 1155 1716 Heer
1173 1692 1248 1716 Sterk
1267 1693 1336 1716 heeft
1355 1692 1386 1716 de
1405 1692 1532 1723 bevoegd-

318 1733 377 1756 heid
405 1736 476 1761 (men
505 1733 566 1756 kent
593 1733 667 1763 hem)
693 1740 735 1756 om
762 1740 811 1756 een
838 1732 936 1762 gnusch
965 1732 1087 1756 bataillon
1108 1735 1249 1755 veteranen
1269 1735 1292 1755 te
1310 1731 1530 1755 commanderen:

318 1773 360 1803 wij
389 1773 469 1796 raden
496 1773 557 1796 hem
585 1772 700 1802 daarom,
726 1772 768 1795 dat
794 1772 829 1802 hij
859 1771 885 1795 in
904 1772 949 1795 het
969 1771 1082 1802 vervfflg,
1102 1771 1136 1803 bij
1156 1771 1187 1795 de
1206 1771 1283 1794 thans
1302 1771 1419 1795 bereikte
1438 1771 1531 1802 hoogte

317 1812 364 1835 der
382 1811 489 1841 taktiek,
507 1812 574 1843 zijue
593 1815 701 1842 troepen
726 1811 859 1842 geheel
887 1811 1050 1842 slagvanrdig
1070 1810 1170 1834 make.''

351 1851 379 1874 In
406 1851 539 1881 Responso
565 1851 645 1881 illius,
672 1851 714 1874 cui
742 1850 834 1874 titulus
861 1853 899 1873 est
927 1849 1057 1880 „Gesprek
1079 1857 1128 1874 van
1146 1850 1167 1874 J.
1185 1850 1219 1874 M.
1238 1849 1314 1873 Elink
1334 1849 1408 1873 Sterk
1429 1853 1482 1874 met
1500 1850 1531 1874 de

318 1891 524 1921 Recenseuten''‚
544 1891 640 1915 milites
659 1898 752 1915 rursus
770 1890 862 1913 armati
882 1890 1058 1913 adducuntur.
1077 1890 1182 1913 Utinam
1200 1897 1292 1913 omnes
1310 1889 1430 1913 homines
1445 1893 1531 1913 essent

317 1929 460 1961 sapientes}

352 1969 378 1999 1)
397 1969 432 1993 l.l.
451 1977 475 2000 p.
494 1969 550 1994 126.

351 2007 380 2039 2)
398 2009 431 2033 l.l.
451 2016 475 2040 p.
493 2008 542 2033 266
559 2017 616 2040 sqq.

350 2047 377 2078 3)
396 2048 430 2072 1.l.
449 2056 472 2079 p.
491 2048 540 2072 363
558 2056 614 2080 sqq.

352 2086 379 2117 4)
397 2087 432 2111 l.l.
451 2096 474 2118 p.
493 2087 550 2112 381.

352 2125 380 2150 G.
400 2126 534 2150 Hermann
562 2128 650 2151 Geelio
678 2135 723 2158 per
750 2128 838 2151 literas
865 2127 960 2159 gratias
989 2127 1039 2159 egit
1066 2128 1101 2159 (d.
1129 2128 1145 2152 2
1165 2128 1265 2152 m.1ul.
1283 2136 1305 2151 a.
1324 2127 1401 2156 1827;
1420 2128 1531 2159 epistula

319 2169 468 2189 asservatur
485 2167 511 2189 in
531 2166 668 2190 Tabulario
690 2167 866 2191 Bibliothecae
886 2167 966 2198 Lugd,
988 2167 1065 2195 Bat.):
1087 2175 1189 2199 „neque
1206 2167 1277 2191 enim
1297 2168 1330 2191 ita
1348 2167 1412 2191 meis
1430 2167 1531 2198 opinio-

321 2204 398 2228 nibus
424 2205 503 2229 fidere
522 2206 600 2235 soleo,
619 2210 644 2229 ut
665 2214 726 2235 nou,
745 2214 797 2237 quo
815 2206 942 2230 doctiores
960 2207 1029 2230 viros
1045 2207 1071 2230 in
1091 2207 1181 2230 eadem
1200 2214 1257 2231 esse
1276 2207 1403 2230 sententia
1422 2207 1533 2237 videam,

319 2251 349 2267 eo
369 2244 456 2268 minus
476 2252 517 2268 me
535 2253 635 2269 errasse
655 2247 816 2270 existimem:
834 2246 903 2276 quod
923 2249 1022 2276 contra,
1037 2246 1080 2270 ubi
1096 2246 1532 2276 dissentientesinvenio,dubitare

319 2284 351 2307 de
370 2284 435 2307 meis
454 2284 509 2314 ipse
529 2285 630 2314 placitis
649 2285 769 2316 incipio.'‘

353 2323 379 2353 5)
399 2323 432 2346 lit.
454 2330 475 2352 μ
496 2322 550 2346 400.
