<?xml version="1.0" encoding="UTF-8"?>
<!DOCTYPE html PUBLIC "-//W3C//DTD XHTML 1.0 Transitional//EN"
    "http://www.w3.org/TR/xhtml1/DTD/xhtml1-transitional.dtd">
<html xmlns="http://www.w3.org/1999/xhtml" xml:lang="en" lang="en">
 <head>
  <title>
</title>
<meta http-equiv="Content-Type" content="text/html;charset=utf-8" />
  <meta name='ocr-system' content='tesseract 3.04.00' />
  <meta name='ocr-capabilities' content='ocr_page ocr_carea ocr_par ocr_line ocrx_word'/>
</head>
<body>
  <div class='ocr_page' id='page_1' title='image "./dejacobogeelioph00wienuoft_0092.png"; bbox 0 0 1673 2768; ppageno 0'>
   <div class='ocr_carea' id='block_1_1' title="bbox 901 301 940 330">
    <p class='ocr_par' dir='ltr' id='par_1_1' title="bbox 901 301 940 330">
     <span class='ocr_line' id='line_1_1' title="bbox 901 301 940 330; baseline 0 0"><span class='ocrx_word' id='word_1_1' title='bbox 901 301 940 330; x_wconf 74' lang='lat'>72</span> 
     </span>
    </p>
   </div>
   <div class='ocr_carea' id='block_1_2' title="bbox 314 391 1538 1618">
    <p class='ocr_par' dir='ltr' id='par_1_2' title="bbox 314 391 1528 603">
     <span class='ocr_line' id='line_1_2' title="bbox 358 391 1527 434; baseline -0.004 -8"><span class='ocrx_word' id='word_1_2' title='bbox 358 395 513 432; x_wconf 82' lang='lat' dir='ltr'>Quoniam</span> <span class='ocrx_word' id='word_1_3' title='bbox 547 395 729 425; x_wconf 79' lang='lat' dir='ltr'><strong>summatim</strong></span> <span class='ocrx_word' id='word_1_4' title='bbox 755 394 897 434; x_wconf 81' lang='lat' dir='ltr'>exposui,</span> <span class='ocrx_word' id='word_1_5' title='bbox 922 393 1047 433; x_wconf 84' lang='lat' dir='ltr'>qualem</span> <span class='ocrx_word' id='word_1_6' title='bbox 1073 393 1140 432; x_wconf 89' lang='lat' dir='ltr'>ipse</span> <span class='ocrx_word' id='word_1_7' title='bbox 1165 391 1240 423; x_wconf 87' lang='lat' dir='ltr'>Geel</span> <span class='ocrx_word' id='word_1_8' title='bbox 1265 391 1378 422; x_wconf 91' lang='lat' dir='ltr'>Dionis</span> <span class='ocrx_word' id='word_1_9' title='bbox 1402 392 1527 432; x_wconf 88' lang='lat' dir='ltr'>scriptis</span> 
     </span>
     <span class='ocr_line' id='line_1_3' title="bbox 314 448 1528 492; baseline -0.003 -10"><span class='ocrx_word' id='word_1_10' title='bbox 314 461 438 492; x_wconf 87' lang='lat' dir='ltr'><strong>operam</strong></span> <span class='ocrx_word' id='word_1_11' title='bbox 475 451 648 490; x_wconf 68' lang='lat' dir='ltr'>navaverst,</span> <span class='ocrx_word' id='word_1_12' title='bbox 684 450 764 481; x_wconf 85' lang='lat' dir='ltr'>duae</span> <span class='ocrx_word' id='word_1_13' title='bbox 799 451 861 480; x_wconf 86' lang='lat' dir='ltr'>iam</span> <span class='ocrx_word' id='word_1_14' title='bbox 898 452 1018 480; x_wconf 81' lang='lat' dir='ltr'>restant</span> <span class='ocrx_word' id='word_1_15' title='bbox 1054 449 1272 488; x_wconf 79' lang='lat' dir='ltr'>quaestiones:</span> <span class='ocrx_word' id='word_1_16' title='bbox 1299 448 1394 479; x_wconf 88' lang='lat' dir='ltr'>altera</span> <span class='ocrx_word' id='word_1_17' title='bbox 1419 451 1467 478; x_wconf 90' lang='lat' dir='ltr'>est</span> <span class='ocrx_word' id='word_1_18' title='bbox 1490 448 1528 478; x_wconf 91' lang='lat' dir='ltr'>de</span> 
     </span>
     <span class='ocr_line' id='line_1_4' title="bbox 314 504 1527 549; baseline -0.003 -11"><span class='ocrx_word' id='word_1_19' title='bbox 314 509 468 549; x_wconf 85' lang='lat' dir='ltr'>postumis</span> <span class='ocrx_word' id='word_1_20' title='bbox 500 506 639 547; x_wconf 85' lang='lat' dir='ltr'>Dioneis,</span> <span class='ocrx_word' id='word_1_21' title='bbox 672 516 753 547; x_wconf 86' lang='lat' dir='ltr'>quae</span> <span class='ocrx_word' id='word_1_22' title='bbox 777 506 894 547; x_wconf 89' lang='lat' dir='ltr'>Emper</span> <span class='ocrx_word' id='word_1_23' title='bbox 918 516 943 536; x_wconf 89' lang='lat' dir='ltr'>a.</span> <span class='ocrx_word' id='word_1_24' title='bbox 973 506 1057 535; x_wconf 79' lang='lat'>1844</span> <span class='ocrx_word' id='word_1_25' title='bbox 1082 504 1220 545; x_wconf 87' lang='lat' dir='ltr'>reliquit,</span> <span class='ocrx_word' id='word_1_26' title='bbox 1244 505 1342 535; x_wconf 87' lang='lat' dir='ltr'>altera</span> <span class='ocrx_word' id='word_1_27' title='bbox 1366 504 1404 535; x_wconf 88' lang='lat' dir='ltr'>de</span> <span class='ocrx_word' id='word_1_28' title='bbox 1429 504 1527 535; x_wconf 88' lang='lat' dir='ltr'>Geelii</span> 
     </span>
     <span class='ocr_line' id='line_1_5' title="bbox 318 564 483 603; baseline -0.006 -8"><span class='ocrx_word' id='word_1_29' title='bbox 318 564 483 603; x_wconf 68' lang='grc' dir='ltr'>πκρέργοις.</span> 
     </span>
    </p>

    <p class='ocr_par' dir='ltr' id='par_1_3' title="bbox 316 615 1538 1618">
     <span class='ocr_line' id='line_1_6' title="bbox 360 615 1530 658; baseline -0.004 -7"><span class='ocrx_word' id='word_1_30' title='bbox 360 620 579 651; x_wconf 84' lang='lat' dir='ltr'>Schneidewin</span> <span class='ocrx_word' id='word_1_31' title='bbox 604 629 622 649; x_wconf 89' lang='lat' dir='ltr'>a</span> <span class='ocrx_word' id='word_1_32' title='bbox 647 618 753 649; x_wconf 85' lang='lat' dir='ltr'>Geelio</span> <span class='ocrx_word' id='word_1_33' title='bbox 778 619 940 658; x_wconf 79' lang='lat' dir='ltr'>petiverat,</span> <span class='ocrx_word' id='word_1_34' title='bbox 966 619 1001 647; x_wconf 91' lang='lat' dir='ltr'>ut</span> <span class='ocrx_word' id='word_1_35' title='bbox 1025 616 1207 657; x_wconf 86' lang='lat' dir='ltr'>Emperiani</span> <span class='ocrx_word' id='word_1_36' title='bbox 1229 617 1332 657; x_wconf 88' lang='lat' dir='ltr'>operis</span> <span class='ocrx_word' id='word_1_37' title='bbox 1345 615 1530 647; x_wconf 87' lang='lat' dir='ltr'>absolvendi</span> 
     </span>
     <span class='ocr_line' id='line_1_7' title="bbox 316 672 1529 715; baseline -0.004 -8"><span class='ocrx_word' id='word_1_38' title='bbox 316 680 346 708; x_wconf 89' lang='lat' dir='ltr'>et</span> <span class='ocrx_word' id='word_1_39' title='bbox 371 677 483 707; x_wconf 86' lang='lat' dir='ltr'>edendi</span> <span class='ocrx_word' id='word_1_40' title='bbox 510 686 627 706; x_wconf 88' lang='lat' dir='ltr'>munus</span> <span class='ocrx_word' id='word_1_41' title='bbox 652 675 843 715; x_wconf 87' lang='lat' dir='ltr'>susciperet;</span> <span class='ocrx_word' id='word_1_42' title='bbox 869 675 919 704; x_wconf 86' lang='lat' dir='ltr'>hic</span> <span class='ocrx_word' id='word_1_43' title='bbox 945 674 1120 711; x_wconf 84' lang='lat' dir='ltr'>recusavit;</span> <span class='ocrx_word' id='word_1_44' title='bbox 1147 673 1257 713; x_wconf 89' lang='lat' dir='ltr'>petivit</span> <span class='ocrx_word' id='word_1_45' title='bbox 1282 673 1395 704; x_wconf 90' lang='lat' dir='ltr'>deinde</span> <span class='ocrx_word' id='word_1_46' title='bbox 1418 672 1529 703; x_wconf 86' lang='lat' dir='ltr'>aBak-</span> 
     </span>
     <span class='ocr_line' id='line_1_8' title="bbox 318 729 1531 773; baseline -0.003 -10"><span class='ocrx_word' id='word_1_47' title='bbox 318 734 475 773; x_wconf 72' lang='lat' dir='ltr'>huizenio,</span> <span class='ocrx_word' id='word_1_48' title='bbox 512 733 566 773; x_wconf 85' lang='lat' dir='ltr'>qui</span> <span class='ocrx_word' id='word_1_49' title='bbox 603 735 633 762; x_wconf 89' lang='lat' dir='ltr'>et</span> <span class='ocrx_word' id='word_1_50' title='bbox 668 732 735 772; x_wconf 85' lang='lat' dir='ltr'>ipse</span> <span class='ocrx_word' id='word_1_51' title='bbox 767 731 893 771; x_wconf 82' lang='lat' dir='ltr'>negavit</span> <span class='ocrx_word' id='word_1_52' title='bbox 910 729 939 768; x_wconf 89' lang='grc'>1).</span> <span class='ocrx_word' id='word_1_53' title='bbox 963 729 1111 770; x_wconf 87' lang='lat' dir='ltr'>Denique</span> <span class='ocrx_word' id='word_1_54' title='bbox 1136 729 1211 760; x_wconf 86' lang='lat' dir='ltr'>Geel</span> <span class='ocrx_word' id='word_1_55' title='bbox 1236 739 1354 760; x_wconf 86' lang='lat' dir='ltr'>munus</span> <span class='ocrx_word' id='word_1_56' title='bbox 1379 729 1531 770; x_wconf 87' lang='lat' dir='ltr'>quodam-</span> 
     </span>
     <span class='ocr_line' id='line_1_9' title="bbox 319 785 1531 829; baseline -0.003 -10"><span class='ocrx_word' id='word_1_57' title='bbox 319 789 409 819; x_wconf 89' lang='lat' dir='ltr'>modo</span> <span class='ocrx_word' id='word_1_58' title='bbox 434 789 612 829; x_wconf 71' lang='lat' dir='ltr'>suscepisse</span> <span class='ocrx_word' id='word_1_59' title='bbox 638 788 773 827; x_wconf 79' lang='lat' dir='ltr'>videtur,</span> <span class='ocrx_word' id='word_1_60' title='bbox 797 797 869 816; x_wconf 89' lang='lat' dir='ltr'>nam</span> <span class='ocrx_word' id='word_1_61' title='bbox 895 786 922 816; x_wconf 93' lang='lat' dir='ltr'>d.</span> <span class='ocrx_word' id='word_1_62' title='bbox 951 786 989 815; x_wconf 83' lang='lat'>17</span> <span class='ocrx_word' id='word_1_63' title='bbox 1016 796 1056 817; x_wconf 89' lang='lat' dir='ltr'>m.</span> <span class='ocrx_word' id='word_1_64' title='bbox 1070 785 1158 816; x_wconf 79' lang='lat' dir='ltr'>Febr.</span> <span class='ocrx_word' id='word_1_65' title='bbox 1172 796 1199 816; x_wconf 90' lang='lat' dir='ltr'>a.</span> <span class='ocrx_word' id='word_1_66' title='bbox 1216 786 1299 816; x_wconf 79' lang='lat'>1845</span> <span class='ocrx_word' id='word_1_67' title='bbox 1313 785 1531 816; x_wconf 85' lang='lat' dir='ltr'>Bakhuizenio</span> 
     </span>
     <span class='ocr_line' id='line_1_10' title="bbox 318 841 1531 885; baseline -0.003 -9"><span class='ocrx_word' id='word_1_68' title='bbox 318 856 376 876; x_wconf 89' lang='lat' dir='ltr'>suo</span> <span class='ocrx_word' id='word_1_69' title='bbox 413 846 555 885; x_wconf 90' lang='lat' dir='ltr'>scripsit:</span> <span class='ocrx_word' id='word_1_70' title='bbox 596 844 668 883; x_wconf 69' lang='lat' dir='ltr'>⁷,dat</span> <span class='ocrx_word' id='word_1_71' title='bbox 700 845 735 884; x_wconf 87' lang='lat' dir='ltr'>zij</span> <span class='ocrx_word' id='word_1_72' title='bbox 763 844 811 883; x_wconf 86' lang='lat' dir='ltr'>mij</span> <span class='ocrx_word' id='word_1_73' title='bbox 837 843 875 874; x_wconf 89' lang='lat' dir='ltr'>de</span> <span class='ocrx_word' id='word_1_74' title='bbox 899 843 1070 883; x_wconf 88' lang='lat' dir='ltr'>posthuma</span> <span class='ocrx_word' id='word_1_75' title='bbox 1095 841 1215 873; x_wconf 88' lang='lat' dir='ltr'>Dionea</span> <span class='ocrx_word' id='word_1_76' title='bbox 1240 852 1301 872; x_wconf 85' lang='lat' dir='ltr'>van</span> <span class='ocrx_word' id='word_1_77' title='bbox 1326 842 1386 873; x_wconf 88' lang='lat' dir='ltr'>den</span> <span class='ocrx_word' id='word_1_78' title='bbox 1410 842 1531 882; x_wconf 83' lang='lat' dir='ltr'>goeden</span> 
     </span>
     <span class='ocr_line' id='line_1_11' title="bbox 319 898 1533 942; baseline -0.003 -10"><span class='ocrx_word' id='word_1_79' title='bbox 319 902 387 932; x_wconf 88' lang='lat' dir='ltr'>Em</span> <span class='ocrx_word' id='word_1_80' title='bbox 403 902 566 942; x_wconf 78' lang='lat' dir='ltr'>petius</span> <span class='ocrx_word' id='word_1_81' title='bbox 601 911 640 941; x_wconf 91' lang='lat' dir='ltr'>op</span> <span class='ocrx_word' id='word_1_82' title='bbox 677 900 736 931; x_wconf 89' lang='lat' dir='ltr'>den</span> <span class='ocrx_word' id='word_1_83' title='bbox 773 899 841 930; x_wconf 88' lang='lat' dir='ltr'>hals</span> <span class='ocrx_word' id='word_1_84' title='bbox 877 899 1042 939; x_wconf 72' lang='lat' dir='ltr'>schuiven,</span> <span class='ocrx_word' id='word_1_85' title='bbox 1080 901 1158 929; x_wconf 83' lang='lat' dir='ltr'>weet</span> <span class='ocrx_word' id='word_1_86' title='bbox 1188 899 1227 939; x_wconf 86' lang='lat' dir='ltr'>gij</span> <span class='ocrx_word' id='word_1_87' title='bbox 1254 898 1324 929; x_wconf 83' lang='lat' dir='ltr'>ook.</span> <span class='ocrx_word' id='word_1_88' title='bbox 1361 898 1408 928; x_wconf 71' lang='grc' dir='ltr'>ΙΙ(</span> <span class='ocrx_word' id='word_1_89' title='bbox 1433 899 1476 928; x_wconf 87' lang='lat' dir='ltr'>zit</span> <span class='ocrx_word' id='word_1_90' title='bbox 1500 907 1533 929; x_wconf 92' lang='lat' dir='ltr'>er</span> 
     </span>
     <span class='ocr_line' id='line_1_12' title="bbox 320 953 1533 998; baseline -0.004 -9"><span class='ocrx_word' id='word_1_91' title='bbox 320 968 396 998; x_wconf 78' lang='lat' dir='ltr'>mee,</span> <span class='ocrx_word' id='word_1_92' title='bbox 421 968 459 989; x_wconf 91' lang='lat' dir='ltr'>en</span> <span class='ocrx_word' id='word_1_93' title='bbox 486 958 537 988; x_wconf 91' lang='lat' dir='ltr'>het</span> <span class='ocrx_word' id='word_1_94' title='bbox 562 957 631 998; x_wconf 74' lang='lat' dir='ltr'>pah,</span> <span class='ocrx_word' id='word_1_95' title='bbox 655 966 711 987; x_wconf 87' lang='lat' dir='ltr'>een</span> <span class='ocrx_word' id='word_1_96' title='bbox 733 966 841 987; x_wconf 88' lang='lat' dir='ltr'>enorm</span> <span class='ocrx_word' id='word_1_97' title='bbox 862 956 923 996; x_wconf 83' lang='lat' dir='ltr'>pak</span> <span class='ocrx_word' id='word_1_98' title='bbox 948 956 1096 996; x_wconf 86' lang='lat' dir='ltr'>papieren</span> <span class='ocrx_word' id='word_1_99' title='bbox 1110 955 1166 996; x_wconf 88' lang='lat' dir='ltr'>ligt</span> <span class='ocrx_word' id='word_1_100' title='bbox 1180 955 1270 986; x_wconf 90' lang='lat' dir='ltr'>reeds</span> <span class='ocrx_word' id='word_1_101' title='bbox 1283 964 1359 985; x_wconf 89' lang='lat' dir='ltr'>voor</span> <span class='ocrx_word' id='word_1_102' title='bbox 1373 955 1422 995; x_wconf 86' lang='lat' dir='ltr'>mij</span> <span class='ocrx_word' id='word_1_103' title='bbox 1440 953 1533 992; x_wconf 79' lang='lat'>²)....</span> 
     </span>
     <span class='ocr_line' id='line_1_13' title="bbox 320 1011 1534 1055; baseline -0.003 -10"><span class='ocrx_word' id='word_1_104' title='bbox 320 1015 389 1045; x_wconf 88' lang='lat' dir='ltr'>Em</span> <span class='ocrx_word' id='word_1_105' title='bbox 403 1025 423 1055; x_wconf 92' lang='lat' dir='ltr'>p</span> <span class='ocrx_word' id='word_1_106' title='bbox 437 1015 537 1045; x_wconf 90' lang='lat' dir='ltr'>eriu</span> <span class='ocrx_word' id='word_1_107' title='bbox 553 1024 566 1044; x_wconf 90' lang='lat' dir='ltr'>s</span> <span class='ocrx_word' id='word_1_108' title='bbox 603 1013 685 1044; x_wconf 88' lang='lat' dir='ltr'>heeft</span> <span class='ocrx_word' id='word_1_109' title='bbox 711 1013 748 1043; x_wconf 89' lang='lat' dir='ltr'>de</span> <span class='ocrx_word' id='word_1_110' title='bbox 772 1015 910 1053; x_wconf 85' lang='lat' dir='ltr'>grootste</span> <span class='ocrx_word' id='word_1_111' title='bbox 934 1012 1010 1042; x_wconf 85' lang='lat' dir='ltr'>helft</span> <span class='ocrx_word' id='word_1_112' title='bbox 1035 1022 1097 1042; x_wconf 89' lang='lat' dir='ltr'>van</span> <span class='ocrx_word' id='word_1_113' title='bbox 1120 1011 1181 1042; x_wconf 92' lang='lat' dir='ltr'>Dio</span> <span class='ocrx_word' id='word_1_114' title='bbox 1202 1011 1534 1051; x_wconf 82' lang='lat' dir='ltr'>becommentarieerd,</span> 
     </span>
     <span class='ocr_line' id='line_1_14' title="bbox 321 1067 1533 1111; baseline -0.002 -10"><span class='ocrx_word' id='word_1_115' title='bbox 321 1081 359 1111; x_wconf 88' lang='lat' dir='ltr'>op</span> <span class='ocrx_word' id='word_1_116' title='bbox 385 1071 423 1101; x_wconf 86' lang='lat' dir='ltr'>de</span> <span class='ocrx_word' id='word_1_117' title='bbox 447 1070 562 1101; x_wconf 86' lang='lat' dir='ltr'>andere</span> <span class='ocrx_word' id='word_1_118' title='bbox 586 1069 662 1100; x_wconf 85' lang='lat' dir='ltr'>helft</span> <span class='ocrx_word' id='word_1_119' title='bbox 686 1069 773 1100; x_wconf 80' lang='lat' dir='ltr'>slaan</span> <span class='ocrx_word' id='word_1_120' title='bbox 803 1069 885 1099; x_wconf 90' lang='lat'>1000</span> <span class='ocrx_word' id='word_1_121' title='bbox 911 1078 949 1099; x_wconf 88' lang='lat' dir='ltr'>en</span> <span class='ocrx_word' id='word_1_122' title='bbox 975 1070 1032 1099; x_wconf 79' lang='lat' dir='ltr'>een</span> <span class='ocrx_word' id='word_1_123' title='bbox 1057 1069 1256 1109; x_wconf 74' lang='lat' dir='ltr'>snippertJes,</span> <span class='ocrx_word' id='word_1_124' title='bbox 1280 1069 1312 1098; x_wconf 88' lang='lat' dir='ltr'>in</span> <span class='ocrx_word' id='word_1_125' title='bbox 1338 1067 1445 1108; x_wconf 76' lang='lat' dir='ltr'>pakJes</span> <span class='ocrx_word' id='word_1_126' title='bbox 1466 1077 1533 1098; x_wconf 87' lang='lat' dir='ltr'>ver-</span> 
     </span>
     <span class='ocr_line' id='line_1_15' title="bbox 322 1123 1534 1164; baseline -0.003 -6"><span class='ocrx_word' id='word_1_127' title='bbox 322 1127 453 1158; x_wconf 85' lang='lat' dir='ltr'>zameld.</span> <span class='ocrx_word' id='word_1_128' title='bbox 488 1126 558 1157; x_wconf 90' lang='lat' dir='ltr'>Hoe</span> <span class='ocrx_word' id='word_1_129' title='bbox 590 1126 621 1156; x_wconf 87' lang='lat' dir='ltr'>ik</span> <span class='ocrx_word' id='word_1_130' title='bbox 654 1126 800 1156; x_wconf 82' lang='lat' dir='ltr'>daarmee</span> <span class='ocrx_word' id='word_1_131' title='bbox 824 1125 912 1156; x_wconf 82' lang='lat' dir='ltr'>klaar</span> <span class='ocrx_word' id='word_1_132' title='bbox 935 1125 1018 1164; x_wconf 86' lang='lat' dir='ltr'>kom,</span> <span class='ocrx_word' id='word_1_133' title='bbox 1042 1127 1120 1156; x_wconf 85' lang='lat' dir='ltr'>weet</span> <span class='ocrx_word' id='word_1_134' title='bbox 1144 1124 1177 1155; x_wconf 88' lang='lat' dir='ltr'>ik</span> <span class='ocrx_word' id='word_1_135' title='bbox 1201 1125 1283 1164; x_wconf 81' lang='lat' dir='ltr'>niet3</span> <span class='ocrx_word' id='word_1_136' title='bbox 1308 1134 1395 1154; x_wconf 82' lang='lat' dir='ltr'>maar</span> <span class='ocrx_word' id='word_1_137' title='bbox 1418 1124 1449 1154; x_wconf 84' lang='lat' dir='ltr'>ik</span> <span class='ocrx_word' id='word_1_138' title='bbox 1475 1123 1534 1155; x_wconf 88' lang='lat' dir='ltr'>heb</span> 
     </span>
     <span class='ocr_line' id='line_1_16' title="bbox 322 1180 1535 1224; baseline -0.003 -10"><span class='ocrx_word' id='word_1_139' title='bbox 322 1184 381 1215; x_wconf 87' lang='lat' dir='ltr'>ook</span> <span class='ocrx_word' id='word_1_140' title='bbox 419 1193 481 1224; x_wconf 86' lang='lat' dir='ltr'>nog</span> <span class='ocrx_word' id='word_1_141' title='bbox 512 1184 578 1214; x_wconf 86' lang='lat' dir='ltr'>niet</span> <span class='ocrx_word' id='word_1_142' title='bbox 610 1182 760 1222; x_wconf 88' lang='lat' dir='ltr'>besloten,</span> <span class='ocrx_word' id='word_1_143' title='bbox 792 1182 863 1212; x_wconf 82' lang='lat' dir='ltr'>dien</span> <span class='ocrx_word' id='word_1_144' title='bbox 895 1181 1050 1212; x_wconf 86' lang='lat' dir='ltr'>Nachlass</span> <span class='ocrx_word' id='word_1_145' title='bbox 1075 1182 1266 1222; x_wconf 87' lang='lat' dir='ltr'>uittegeven,</span> <span class='ocrx_word' id='word_1_146' title='bbox 1291 1180 1414 1220; x_wconf 88' lang='lat' dir='ltr'>waarbij</span> <span class='ocrx_word' id='word_1_147' title='bbox 1440 1180 1471 1210; x_wconf 89' lang='lat' dir='ltr'>ik</span> <span class='ocrx_word' id='word_1_148' title='bbox 1496 1190 1535 1221; x_wconf 94' lang='lat' dir='ltr'>op</span> 
     </span>
     <span class='ocr_line' id='line_1_17' title="bbox 323 1237 1536 1279; baseline -0.003 -8"><span class='ocrx_word' id='word_1_149' title='bbox 323 1241 427 1271; x_wconf 84' lang='lat' dir='ltr'>nieuw</span> <span class='ocrx_word' id='word_1_150' title='bbox 463 1250 523 1270; x_wconf 88' lang='lat' dir='ltr'>zou</span> <span class='ocrx_word' id='word_1_151' title='bbox 560 1242 683 1270; x_wconf 87' lang='lat' dir='ltr'>moeten</span> <span class='ocrx_word' id='word_1_152' title='bbox 719 1238 927 1279; x_wconf 84' lang='lat' dir='ltr'>terugkeeren</span> <span class='ocrx_word' id='word_1_153' title='bbox 963 1240 1009 1268; x_wconf 91' lang='lat' dir='ltr'>tot</span> <span class='ocrx_word' id='word_1_154' title='bbox 1044 1239 1112 1277; x_wconf 84' lang='lat' dir='ltr'>iets,</span> <span class='ocrx_word' id='word_1_155' title='bbox 1147 1247 1295 1268; x_wconf 85' lang='lat' dir='ltr'>waarvan</span> <span class='ocrx_word' id='word_1_156' title='bbox 1330 1237 1363 1267; x_wconf 90' lang='lat' dir='ltr'>ik</span> <span class='ocrx_word' id='word_1_157' title='bbox 1394 1237 1536 1277; x_wconf 86' lang='lat' dir='ltr'>hartelijk</span> 
     </span>
     <span class='ocr_line' id='line_1_18' title="bbox 322 1293 1537 1337; baseline -0.002 -10"><span class='ocrx_word' id='word_1_158' title='bbox 322 1296 460 1328; x_wconf 83' lang='lat' dir='ltr'>afseheid</span> <span class='ocrx_word' id='word_1_159' title='bbox 484 1305 641 1337; x_wconf 86' lang='lat' dir='ltr'>genomen</span> <span class='ocrx_word' id='word_1_160' title='bbox 665 1295 734 1335; x_wconf 85' lang='lat' dir='ltr'>had,</span> <span class='ocrx_word' id='word_1_161' title='bbox 759 1294 880 1326; x_wconf 88' lang='lat' dir='ltr'>beleefd</span> <span class='ocrx_word' id='word_1_162' title='bbox 903 1294 1022 1332; x_wconf 85' lang='lat' dir='ltr'>(zooals</span> <span class='ocrx_word' id='word_1_163' title='bbox 1045 1295 1084 1334; x_wconf 84' lang='lat' dir='ltr'>gij</span> <span class='ocrx_word' id='word_1_164' title='bbox 1110 1295 1199 1332; x_wconf 88' lang='lat' dir='ltr'>weet)</span> <span class='ocrx_word' id='word_1_165' title='bbox 1224 1296 1289 1324; x_wconf 90' lang='lat' dir='ltr'>met</span> <span class='ocrx_word' id='word_1_166' title='bbox 1312 1293 1374 1324; x_wconf 87' lang='lat' dir='ltr'>den</span> <span class='ocrx_word' id='word_1_167' title='bbox 1399 1293 1479 1324; x_wconf 84' lang='lat' dir='ltr'>hoed</span> <span class='ocrx_word' id='word_1_168' title='bbox 1503 1294 1537 1324; x_wconf 87' lang='lat' dir='ltr'>in</span> 
     </span>
     <span class='ocr_line' id='line_1_19' title="bbox 324 1349 1536 1393; baseline -0.003 -9"><span class='ocrx_word' id='word_1_169' title='bbox 324 1355 397 1393; x_wconf 88' lang='lat' dir='ltr'>mijn</span> <span class='ocrx_word' id='word_1_170' title='bbox 432 1355 512 1383; x_wconf 84' lang='lat' dir='ltr'>twee</span> <span class='ocrx_word' id='word_1_171' title='bbox 536 1352 670 1383; x_wconf 81' lang='lat' dir='ltr'>handen.</span> <span class='ocrx_word' id='word_1_172' title='bbox 696 1351 784 1382; x_wconf 85' lang='lat' dir='ltr'>Maar</span> <span class='ocrx_word' id='word_1_173' title='bbox 808 1351 846 1382; x_wconf 89' lang='lat' dir='ltr'>de</span> <span class='ocrx_word' id='word_1_174' title='bbox 871 1351 951 1382; x_wconf 91' lang='lat' dir='ltr'>dood</span> <span class='ocrx_word' id='word_1_175' title='bbox 977 1361 1038 1381; x_wconf 83' lang='lat' dir='ltr'>van</span> <span class='ocrx_word' id='word_1_176' title='bbox 1063 1350 1259 1391; x_wconf 84' lang='lat' dir='ltr'>E(mperius)</span> <span class='ocrx_word' id='word_1_177' title='bbox 1283 1350 1366 1381; x_wconf 83' lang='lat' dir='ltr'>heeft</span> <span class='ocrx_word' id='word_1_178' title='bbox 1390 1351 1439 1390; x_wconf 87' lang='lat' dir='ltr'>mij</span> <span class='ocrx_word' id='word_1_179' title='bbox 1466 1349 1536 1390; x_wconf 89' lang='lat' dir='ltr'>diep</span> 
     </span>
     <span class='ocr_line' id='line_1_20' title="bbox 324 1406 1536 1449; baseline -0.003 -9"><span class='ocrx_word' id='word_1_180' title='bbox 324 1410 391 1440; x_wconf 89' lang='lat' dir='ltr'>leed</span> <span class='ocrx_word' id='word_1_181' title='bbox 438 1406 628 1449; x_wconf 73' lang='lat' dir='ltr'>gedaan&#39;⁷³&gt;.</span> <span class='ocrx_word' id='word_1_182' title='bbox 666 1407 736 1444; x_wconf 83' lang='lat' dir='ltr'>Qua</span> <span class='ocrx_word' id='word_1_183' title='bbox 770 1408 892 1438; x_wconf 78' lang='lat' dir='ltr'>ratione</span> <span class='ocrx_word' id='word_1_184' title='bbox 926 1407 1082 1438; x_wconf 88' lang='lat' dir='ltr'>adductus</span> <span class='ocrx_word' id='word_1_185' title='bbox 1117 1406 1359 1437; x_wconf 84' lang='lat' dir='ltr'>Schneidewino</span> <span class='ocrx_word' id='word_1_186' title='bbox 1395 1406 1536 1446; x_wconf 85' lang='lat' dir='ltr'>scripsit:</span> 
     </span>
     <span class='ocr_line' id='line_1_21' title="bbox 327 1463 1538 1506; baseline -0.002 -10"><span class='ocrx_word' id='word_1_187' title='bbox 327 1466 485 1506; x_wconf 85' lang='lat' dir='ltr'>„recipere</span> <span class='ocrx_word' id='word_1_188' title='bbox 509 1474 578 1496; x_wconf 87' lang='lat' dir='ltr'>sese</span> <span class='ocrx_word' id='word_1_189' title='bbox 601 1464 822 1495; x_wconf 82' lang='lat' dir='ltr'>absoluturum</span> <span class='ocrx_word' id='word_1_190' title='bbox 847 1464 1091 1494; x_wconf 87' lang='lat' dir='ltr'>commentarios</span> <span class='ocrx_word' id='word_1_191' title='bbox 1116 1463 1323 1504; x_wconf 87' lang='lat' dir='ltr'>Emperianos</span> <span class='ocrx_word' id='word_1_192' title='bbox 1337 1463 1538 1494; x_wconf 87' lang='lat' dir='ltr'>effecturum-</span> 
     </span>
     <span class='ocr_line' id='line_1_22' title="bbox 325 1518 1538 1563; baseline -0.002 -11"><span class='ocrx_word' id='word_1_193' title='bbox 325 1531 396 1563; x_wconf 88' lang='lat' dir='ltr'>que,</span> <span class='ocrx_word' id='word_1_194' title='bbox 417 1522 478 1552; x_wconf 89' lang='lat' dir='ltr'>nisi</span> <span class='ocrx_word' id='word_1_195' title='bbox 504 1521 581 1562; x_wconf 90' lang='lat' dir='ltr'>quid</span> <span class='ocrx_word' id='word_1_196' title='bbox 606 1521 797 1561; x_wconf 77' lang='lat' dir='ltr'>inexpectati</span> <span class='ocrx_word' id='word_1_197' title='bbox 822 1520 959 1550; x_wconf 83' lang='lat' dir='ltr'>accidat:</span> <span class='ocrx_word' id='word_1_198' title='bbox 987 1520 1069 1550; x_wconf 88' lang='lat' dir='ltr'>vitae</span> <span class='ocrx_word' id='word_1_199' title='bbox 1093 1521 1178 1550; x_wconf 88' lang='lat' dir='ltr'>enim</span> <span class='ocrx_word' id='word_1_200' title='bbox 1205 1529 1360 1550; x_wconf 88' lang='lat' dir='ltr'>summam</span> <span class='ocrx_word' id='word_1_201' title='bbox 1387 1528 1456 1549; x_wconf 87' lang='lat' dir='ltr'>esse</span> <span class='ocrx_word' id='word_1_202' title='bbox 1469 1518 1538 1550; x_wconf 88' lang='lat' dir='ltr'>bre-</span> 
     </span>
     <span class='ocr_line' id='line_1_23' title="bbox 327 1574 1156 1618; baseline -0.002 -10"><span class='ocrx_word' id='word_1_203' title='bbox 327 1578 417 1610; x_wconf 86' lang='lat' dir='ltr'>vem’&#39;</span> <span class='ocrx_word' id='word_1_204' title='bbox 432 1578 463 1617; x_wconf 74' lang='grc'>4).</span> <span class='ocrx_word' id='word_1_205' title='bbox 487 1577 548 1608; x_wconf 90' lang='lat' dir='ltr'>Hic</span> <span class='ocrx_word' id='word_1_206' title='bbox 573 1578 706 1608; x_wconf 87' lang='lat' dir='ltr'>nuntius</span> <span class='ocrx_word' id='word_1_207' title='bbox 731 1586 786 1618; x_wconf 89' lang='lat' dir='ltr'>per</span> <span class='ocrx_word' id='word_1_208' title='bbox 810 1577 907 1608; x_wconf 88' lang='lat' dir='ltr'>diaria</span> <span class='ocrx_word' id='word_1_209' title='bbox 932 1576 1111 1618; x_wconf 86' lang='lat' dir='ltr'>percrebuit</span> <span class='ocrx_word' id='word_1_210' title='bbox 1124 1574 1156 1614; x_wconf 85' lang='lat'>⁵).</span> 
     </span>
    </p>
   </div>
   <div class='ocr_carea' id='block_1_3' title="bbox 340 1656 469 1659">
    <p class='ocr_par' dir='ltr' id='par_1_4' title="bbox 340 1656 469 1659">
     <span class='ocr_line' id='line_1_24' title="bbox 340 1656 469 1659; baseline 0 0"><span class='ocrx_word' id='word_1_211' title='bbox 340 1656 469 1659; x_wconf 95' lang='lat' dir='ltr'> </span> 
     </span>
    </p>
   </div>
   <div class='ocr_carea' id='block_1_4' title="bbox 326 1691 1543 2272">
    <p class='ocr_par' dir='ltr' id='par_1_5' title="bbox 326 1691 1541 1924">
     <span class='ocr_line' id='line_1_25' title="bbox 359 1691 1540 1727; baseline -0.003 -8"><span class='ocrx_word' id='word_1_212' title='bbox 359 1696 385 1727; x_wconf 68' lang='lat'>¹1)</span> <span class='ocrx_word' id='word_1_213' title='bbox 405 1696 468 1719; x_wconf 88' lang='lat' dir='ltr'>Vide</span> <span class='ocrx_word' id='word_1_214' title='bbox 497 1695 719 1726; x_wconf 76' lang='lat' dir='ltr'>„Briefwisseling</span> <span class='ocrx_word' id='word_1_215' title='bbox 747 1702 796 1718; x_wconf 88' lang='lat' dir='ltr'>van</span> <span class='ocrx_word' id='word_1_216' title='bbox 824 1694 976 1717; x_wconf 87' lang='lat' dir='ltr'>Bakhuizen</span> <span class='ocrx_word' id='word_1_217' title='bbox 996 1701 1045 1717; x_wconf 86' lang='lat' dir='ltr'>van</span> <span class='ocrx_word' id='word_1_218' title='bbox 1063 1693 1114 1717; x_wconf 89' lang='lat' dir='ltr'>den</span> <span class='ocrx_word' id='word_1_219' title='bbox 1134 1693 1232 1716; x_wconf 67' lang='lat' dir='ltr'>Brink&#39;</span> <span class='ocrx_word' id='word_1_220' title='bbox 1253 1700 1276 1723; x_wconf 92' lang='lat' dir='ltr'>p.</span> <span class='ocrx_word' id='word_1_221' title='bbox 1293 1692 1350 1717; x_wconf 84' lang='lat'>347.</span> <span class='ocrx_word' id='word_1_222' title='bbox 1369 1691 1430 1715; x_wconf 87' lang='lat' dir='ltr'>Geel</span> <span class='ocrx_word' id='word_1_223' title='bbox 1449 1693 1540 1715; x_wconf 83' lang='lat' dir='ltr'>autem</span> 
     </span>
     <span class='ocr_line' id='line_1_26' title="bbox 327 1731 1540 1763; baseline -0.004 -4"><span class='ocrx_word' id='word_1_224' title='bbox 327 1735 506 1759; x_wconf 82' lang='lat' dir='ltr'>Bakhuizenio</span> <span class='ocrx_word' id='word_1_225' title='bbox 534 1735 584 1758; x_wconf 83' lang='lat' dir='ltr'>iam</span> <span class='ocrx_word' id='word_1_226' title='bbox 613 1735 637 1758; x_wconf 91' lang='lat' dir='ltr'>d.</span> <span class='ocrx_word' id='word_1_227' title='bbox 664 1734 679 1757; x_wconf 85' lang='lat'>5</span> <span class='ocrx_word' id='word_1_228' title='bbox 698 1742 782 1758; x_wconf 90' lang='lat' dir='ltr'>mens.</span> <span class='ocrx_word' id='word_1_229' title='bbox 801 1734 864 1757; x_wconf 88' lang='lat' dir='ltr'>Nov.</span> <span class='ocrx_word' id='word_1_230' title='bbox 882 1741 904 1757; x_wconf 84' lang='lat' dir='ltr'>a.</span> <span class='ocrx_word' id='word_1_231' title='bbox 923 1732 986 1756; x_wconf 81' lang='lat'>1841</span> <span class='ocrx_word' id='word_1_232' title='bbox 1008 1733 1132 1763; x_wconf 84' lang='lat' dir='ltr'>(epistula</span> <span class='ocrx_word' id='word_1_233' title='bbox 1152 1733 1222 1756; x_wconf 86' lang='lat' dir='ltr'>edita</span> <span class='ocrx_word' id='word_1_234' title='bbox 1239 1735 1278 1756; x_wconf 85' lang='lat' dir='ltr'>est</span> <span class='ocrx_word' id='word_1_235' title='bbox 1296 1732 1328 1756; x_wconf 89' lang='lat' dir='ltr'>ab</span> <span class='ocrx_word' id='word_1_236' title='bbox 1348 1731 1494 1755; x_wconf 80' lang='lat' dir='ltr'>Hamakera</span> <span class='ocrx_word' id='word_1_237' title='bbox 1512 1731 1540 1754; x_wconf 87' lang='lat' dir='ltr'>in</span> 
     </span>
     <span class='ocr_line' id='line_1_27' title="bbox 326 1771 1541 1805; baseline -0.004 -6"><span class='ocrx_word' id='word_1_238' title='bbox 326 1776 418 1803; x_wconf 80' lang='lat' dir='ltr'>diario,</span> <span class='ocrx_word' id='word_1_239' title='bbox 444 1776 486 1799; x_wconf 87' lang='lat' dir='ltr'>cui</span> <span class='ocrx_word' id='word_1_240' title='bbox 515 1782 610 1798; x_wconf 88' lang='lat' dir='ltr'>nomeu</span> <span class='ocrx_word' id='word_1_241' title='bbox 641 1775 687 1805; x_wconf 80' lang='lat' dir='ltr'>„de</span> <span class='ocrx_word' id='word_1_242' title='bbox 715 1773 802 1804; x_wconf 79' lang='lat' dir='ltr'>Gids“‚</span> <span class='ocrx_word' id='word_1_243' title='bbox 819 1781 840 1797; x_wconf 85' lang='lat' dir='ltr'>a.</span> <span class='ocrx_word' id='word_1_244' title='bbox 859 1772 924 1797; x_wconf 73' lang='lat'>1906</span> <span class='ocrx_word' id='word_1_245' title='bbox 944 1773 991 1796; x_wconf 67' lang='lat' dir='ltr'>vol.</span> <span class='ocrx_word' id='word_1_246' title='bbox 1011 1772 1053 1796; x_wconf 84' lang='lat'>111.</span> <span class='ocrx_word' id='word_1_247' title='bbox 1073 1780 1095 1803; x_wconf 92' lang='lat' dir='ltr'>p.</span> <span class='ocrx_word' id='word_1_248' title='bbox 1115 1771 1175 1803; x_wconf 71' lang='lat'>425)</span> <span class='ocrx_word' id='word_1_249' title='bbox 1194 1772 1349 1802; x_wconf 81' lang='lat' dir='ltr'>scripserat:</span> <span class='ocrx_word' id='word_1_250' title='bbox 1369 1778 1428 1802; x_wconf 80' lang='lat' dir='ltr'>„zoo</span> <span class='ocrx_word' id='word_1_251' title='bbox 1446 1771 1541 1801; x_wconf 85' lang='lat' dir='ltr'>Empe-</span> 
     </span>
     <span class='ocr_line' id='line_1_28' title="bbox 328 1811 1541 1845; baseline -0.005 -6"><span class='ocrx_word' id='word_1_252' title='bbox 328 1816 383 1839; x_wconf 78' lang='lat' dir='ltr'>rius</span> <span class='ocrx_word' id='word_1_253' title='bbox 410 1816 453 1838; x_wconf 74' lang='grc' dir='ltr'>ὶιεῑ</span> <span class='ocrx_word' id='word_1_254' title='bbox 482 1815 600 1843; x_wconf 74' lang='lat' dir='ltr'>besterst,</span> <span class='ocrx_word' id='word_1_255' title='bbox 627 1814 688 1837; x_wconf 81' lang='lat' dir='ltr'>heht</span> <span class='ocrx_word' id='word_1_256' title='bbox 716 1813 749 1845; x_wconf 72' lang='lat' dir='ltr'>gij</span> <span class='ocrx_word' id='word_1_257' title='bbox 779 1813 843 1845; x_wconf 81' lang='lat' dir='ltr'>inijn</span> <span class='ocrx_word' id='word_1_258' title='bbox 864 1813 1008 1843; x_wconf 83' lang='lat' dir='ltr'>permissie,</span> <span class='ocrx_word' id='word_1_259' title='bbox 1027 1820 1070 1835; x_wconf 90' lang='lat' dir='ltr'>om</span> <span class='ocrx_word' id='word_1_260' title='bbox 1088 1812 1119 1835; x_wconf 85' lang='lat' dir='ltr'>de</span> <span class='ocrx_word' id='word_1_261' title='bbox 1138 1812 1196 1835; x_wconf 80' lang='lat' dir='ltr'>taak</span> <span class='ocrx_word' id='word_1_262' title='bbox 1219 1811 1321 1842; x_wconf 87' lang='lat' dir='ltr'>(Dionis</span> <span class='ocrx_word' id='word_1_263' title='bbox 1339 1811 1445 1840; x_wconf 84' lang='lat' dir='ltr'>edendi)</span> <span class='ocrx_word' id='word_1_264' title='bbox 1464 1818 1496 1840; x_wconf 91' lang='lat' dir='ltr'>op</span> <span class='ocrx_word' id='word_1_265' title='bbox 1515 1812 1541 1834; x_wconf 82' lang='lat' dir='ltr'>te</span> 
     </span>
     <span class='ocr_line' id='line_1_29' title="bbox 328 1850 1541 1884; baseline -0.004 -6"><span class='ocrx_word' id='word_1_266' title='bbox 328 1862 431 1879; x_wconf 73' lang='lat' dir='ltr'>nomen.</span> <span class='ocrx_word' id='word_1_267' title='bbox 449 1855 475 1877; x_wconf 58' lang='lat'>11&lt;</span> <span class='ocrx_word' id='word_1_268' title='bbox 497 1854 614 1884; x_wconf 81' lang='lat' dir='ltr'>voorspel</span> <span class='ocrx_word' id='word_1_269' title='bbox 634 1854 653 1877; x_wconf 96' lang='lat' dir='ltr'><strong>U</strong></span> <span class='ocrx_word' id='word_1_270' title='bbox 673 1854 773 1883; x_wconf 80' lang='lat' dir='ltr'>echter,</span> <span class='ocrx_word' id='word_1_271' title='bbox 791 1853 835 1876; x_wconf 81' lang='lat' dir='ltr'>dat</span> <span class='ocrx_word' id='word_1_272' title='bbox 854 1852 899 1876; x_wconf 80' lang='lat' dir='ltr'>het</span> <span class='ocrx_word' id='word_1_273' title='bbox 917 1852 938 1876; x_wconf 93' lang='lat' dir='ltr'><strong>U</strong></span> <span class='ocrx_word' id='word_1_274' title='bbox 958 1860 1024 1883; x_wconf 75' lang='lat' dir='ltr'>gaau</span> <span class='ocrx_word' id='word_1_275' title='bbox 1045 1852 1082 1875; x_wconf 79' lang='lat' dir='ltr'>zal</span> <span class='ocrx_word' id='word_1_276' title='bbox 1102 1852 1139 1875; x_wconf 88' lang='lat' dir='ltr'>als</span> <span class='ocrx_word' id='word_1_277' title='bbox 1159 1851 1220 1882; x_wconf 87' lang='lat' dir='ltr'>mij:</span> <span class='ocrx_word' id='word_1_278' title='bbox 1236 1851 1269 1882; x_wconf 77' lang='lat' dir='ltr'>gij</span> <span class='ocrx_word' id='word_1_279' title='bbox 1289 1851 1341 1874; x_wconf 91' lang='lat' dir='ltr'>zult</span> <span class='ocrx_word' id='word_1_280' title='bbox 1360 1857 1426 1881; x_wconf 79' lang='lat' dir='ltr'>geen</span> <span class='ocrx_word' id='word_1_281' title='bbox 1444 1850 1541 1874; x_wconf 85' lang='lat' dir='ltr'>andere</span> 
     </span>
     <span class='ocr_line' id='line_1_30' title="bbox 329 1891 1079 1924; baseline -0.005 -6"><span class='ocrx_word' id='word_1_282' title='bbox 329 1894 484 1924; x_wconf 74' lang='lat' dir='ltr'>voldoeniug</span> <span class='ocrx_word' id='word_1_283' title='bbox 502 1893 636 1924; x_wconf 75' lang='lat' dir='ltr'>gevoelen,</span> <span class='ocrx_word' id='word_1_284' title='bbox 654 1893 705 1916; x_wconf 85' lang='lat' dir='ltr'>dan</span> <span class='ocrx_word' id='word_1_285' title='bbox 723 1893 767 1916; x_wconf 78' lang='lat' dir='ltr'>dat</span> <span class='ocrx_word' id='word_1_286' title='bbox 785 1892 819 1923; x_wconf 83' lang='lat' dir='ltr'>gij</span> <span class='ocrx_word' id='word_1_287' title='bbox 847 1892 921 1915; x_wconf 90' lang='lat' dir='ltr'>iets</span> <span class='ocrx_word' id='word_1_288' title='bbox 947 1891 1079 1915; x_wconf 56' lang='lat' dir='ltr'>reddert&#39;ss</span> 
     </span>
    </p>

    <p class='ocr_par' dir='ltr' id='par_1_6' title="bbox 329 1928 1543 2121">
     <span class='ocr_line' id='line_1_31' title="bbox 361 1928 1543 1962; baseline -0.004 -5"><span class='ocrx_word' id='word_1_289' title='bbox 361 1934 388 1961; x_wconf 72' lang='lat'>2)</span> <span class='ocrx_word' id='word_1_290' title='bbox 408 1933 464 1957; x_wconf 83' lang='lat' dir='ltr'>Kal.</span> <span class='ocrx_word' id='word_1_291' title='bbox 484 1933 556 1956; x_wconf 87' lang='lat' dir='ltr'>Febr.</span> <span class='ocrx_word' id='word_1_292' title='bbox 576 1941 598 1957; x_wconf 79' lang='lat' dir='ltr'>a.</span> <span class='ocrx_word' id='word_1_293' title='bbox 618 1932 681 1956; x_wconf 74' lang='lat'>1845</span> <span class='ocrx_word' id='word_1_294' title='bbox 699 1933 726 1956; x_wconf 93' lang='lat' dir='ltr'>L.</span> <span class='ocrx_word' id='word_1_295' title='bbox 743 1932 771 1956; x_wconf 83' lang='grc' dir='ltr'>Α.</span> <span class='ocrx_word' id='word_1_296' title='bbox 784 1931 904 1962; x_wconf 79' lang='lat' dir='ltr'>Berglein</span> <span class='ocrx_word' id='word_1_297' title='bbox 918 1931 1039 1962; x_wconf 81' lang='lat' dir='ltr'>„nomine</span> <span class='ocrx_word' id='word_1_298' title='bbox 1051 1930 1139 1954; x_wconf 77' lang='lat' dir='ltr'>fratris</span> <span class='ocrx_word' id='word_1_299' title='bbox 1149 1930 1203 1954; x_wconf 85' lang='lat' dir='ltr'>bea.</span> <span class='ocrx_word' id='word_1_300' title='bbox 1215 1929 1347 1960; x_wconf 84' lang='lat' dir='ltr'>Emperiin</span> <span class='ocrx_word' id='word_1_301' title='bbox 1358 1928 1467 1953; x_wconf 82' lang='lat' dir='ltr'>schedas</span> <span class='ocrx_word' id='word_1_302' title='bbox 1478 1928 1543 1952; x_wconf 88' lang='lat' dir='ltr'>Gee-</span> 
     </span>
     <span class='ocr_line' id='line_1_32' title="bbox 329 1969 1542 2003; baseline -0.003 -7"><span class='ocrx_word' id='word_1_303' title='bbox 329 1974 361 1997; x_wconf 91' lang='lat' dir='ltr'>lio</span> <span class='ocrx_word' id='word_1_304' title='bbox 381 1973 452 1996; x_wconf 89' lang='lat' dir='ltr'>misit</span> <span class='ocrx_word' id='word_1_305' title='bbox 470 1975 550 2003; x_wconf 81' lang='lat' dir='ltr'>atque</span> <span class='ocrx_word' id='word_1_306' title='bbox 569 1973 633 1996; x_wconf 78' lang='lat' dir='ltr'>haee</span> <span class='ocrx_word' id='word_1_307' title='bbox 652 1972 771 2002; x_wconf 83' lang='lat' dir='ltr'>scripsit:</span> <span class='ocrx_word' id='word_1_308' title='bbox 786 1971 928 2002; x_wconf 40' lang='lat' dir='ltr'>„ie-avimus,</span> <span class='ocrx_word' id='word_1_309' title='bbox 940 1973 967 1994; x_wconf 91' lang='lat' dir='ltr'>ut</span> <span class='ocrx_word' id='word_1_310' title='bbox 978 1977 1154 2001; x_wconf 80' lang='lat' dir='ltr'>quaecunque</span> <span class='ocrx_word' id='word_1_311' title='bbox 1165 1970 1187 1993; x_wconf 89' lang='lat' dir='ltr'>b.</span> <span class='ocrx_word' id='word_1_312' title='bbox 1199 1969 1339 2000; x_wconf 86' lang='lat' dir='ltr'>Emperius</span> <span class='ocrx_word' id='word_1_313' title='bbox 1348 1969 1380 1992; x_wconf 89' lang='lat' dir='ltr'>de</span> <span class='ocrx_word' id='word_1_314' title='bbox 1390 1969 1472 1992; x_wconf 89' lang='lat' dir='ltr'>Dione</span> <span class='ocrx_word' id='word_1_315' title='bbox 1483 1976 1542 1999; x_wconf 84' lang='lat' dir='ltr'>per—</span> 
     </span>
     <span class='ocr_line' id='line_1_33' title="bbox 329 2008 1542 2043; baseline -0.004 -7"><span class='ocrx_word' id='word_1_316' title='bbox 329 2014 425 2043; x_wconf 77' lang='lat' dir='ltr'>scripta</span> <span class='ocrx_word' id='word_1_317' title='bbox 445 2013 561 2043; x_wconf 69' lang='lat' dir='ltr'>reliquit,</span> <span class='ocrx_word' id='word_1_318' title='bbox 579 2015 605 2035; x_wconf 82' lang='lat' dir='ltr'>et</span> <span class='ocrx_word' id='word_1_319' title='bbox 624 2012 714 2035; x_wconf 81' lang='lat' dir='ltr'>eodem</span> <span class='ocrx_word' id='word_1_320' title='bbox 734 2011 842 2042; x_wconf 84' lang='lat' dir='ltr'>quidem</span> <span class='ocrx_word' id='word_1_321' title='bbox 861 2010 953 2034; x_wconf 78' lang='lat' dir='ltr'>ordine</span> <span class='ocrx_word' id='word_1_322' title='bbox 972 2017 1024 2040; x_wconf 86' lang='lat' dir='ltr'>quo</span> <span class='ocrx_word' id='word_1_323' title='bbox 1043 2010 1098 2040; x_wconf 82' lang='lat' dir='ltr'>ipse</span> <span class='ocrx_word' id='word_1_324' title='bbox 1109 2009 1245 2040; x_wconf 78' lang='lat' dir='ltr'>disposuit,</span> <span class='ocrx_word' id='word_1_325' title='bbox 1256 2009 1329 2032; x_wconf 87' lang='lat' dir='ltr'>nullo</span> <span class='ocrx_word' id='word_1_326' title='bbox 1339 2009 1444 2032; x_wconf 81' lang='lat' dir='ltr'>delectu</span> <span class='ocrx_word' id='word_1_327' title='bbox 1455 2008 1542 2032; x_wconf 85' lang='lat' dir='ltr'>habito</span> 
     </span>
     <span class='ocr_line' id='line_1_34' title="bbox 331 2048 1543 2080; baseline -0.003 -5"><span class='ocrx_word' id='word_1_328' title='bbox 331 2053 376 2076; x_wconf 83' lang='lat' dir='ltr'>tihi</span> <span class='ocrx_word' id='word_1_329' title='bbox 397 2052 575 2075; x_wconf 76' lang='lat' dir='ltr'>mitterentur.</span> <span class='ocrx_word' id='word_1_330' title='bbox 595 2051 697 2079; x_wconf 78' lang='lat' dir='ltr'>Quibus</span> <span class='ocrx_word' id='word_1_331' title='bbox 717 2051 764 2074; x_wconf 91' lang='lat' dir='ltr'>tibi</span> <span class='ocrx_word' id='word_1_332' title='bbox 784 2051 822 2074; x_wconf 83' lang='lat' dir='ltr'>uti</span> <span class='ocrx_word' id='word_1_333' title='bbox 841 2050 938 2079; x_wconf 86' lang='lat' dir='ltr'>licebit,</span> <span class='ocrx_word' id='word_1_334' title='bbox 957 2049 1180 2080; x_wconf 81' lang='lat' dir='ltr'>quemadmodum</span> <span class='ocrx_word' id='word_1_335' title='bbox 1200 2048 1234 2072; x_wconf 91' lang='lat' dir='ltr'>Te</span> <span class='ocrx_word' id='word_1_336' title='bbox 1246 2048 1316 2072; x_wconf 84' lang='lat' dir='ltr'>inter</span> <span class='ocrx_word' id='word_1_337' title='bbox 1326 2050 1351 2071; x_wconf 89' lang='lat' dir='ltr'>et</span> <span class='ocrx_word' id='word_1_338' title='bbox 1362 2048 1543 2072; x_wconf 85' lang='lat' dir='ltr'>Schneidewi-</span> 
     </span>
     <span class='ocr_line' id='line_1_35' title="bbox 330 2088 1460 2121; baseline -0.004 -6"><span class='ocrx_word' id='word_1_339' title='bbox 330 2100 394 2116; x_wconf 86' lang='lat' dir='ltr'>num</span> <span class='ocrx_word' id='word_1_340' title='bbox 414 2091 563 2115; x_wconf 45' lang='lat' dir='ltr'>couvenitffi</span> <span class='ocrx_word' id='word_1_341' title='bbox 583 2091 698 2121; x_wconf 81' lang='lat' dir='ltr'>(Literae</span> <span class='ocrx_word' id='word_1_342' title='bbox 717 2092 888 2114; x_wconf 77' lang='lat' dir='ltr'>asservantur</span> <span class='ocrx_word' id='word_1_343' title='bbox 907 2089 933 2113; x_wconf 89' lang='lat' dir='ltr'>in</span> <span class='ocrx_word' id='word_1_344' title='bbox 952 2088 1090 2113; x_wconf 86' lang='lat' dir='ltr'>Tabulario</span> <span class='ocrx_word' id='word_1_345' title='bbox 1110 2088 1287 2112; x_wconf 79' lang='lat' dir='ltr'>Bibliothecae</span> <span class='ocrx_word' id='word_1_346' title='bbox 1306 2088 1460 2117; x_wconf 82' lang='lat' dir='ltr'>Leidensis.)</span> 
     </span>
    </p>

    <p class='ocr_par' dir='ltr' id='par_1_7' title="bbox 362 2126 1251 2162">
     <span class='ocr_line' id='line_1_36' title="bbox 362 2126 1251 2162; baseline -0.004 -8"><span class='ocrx_word' id='word_1_347' title='bbox 362 2131 388 2158; x_wconf 76' lang='grc'>3)</span> <span class='ocrx_word' id='word_1_348' title='bbox 408 2131 629 2162; x_wconf 74' lang='lat' dir='ltr'>„Briefwisseliug</span> <span class='ocrx_word' id='word_1_349' title='bbox 650 2138 699 2153; x_wconf 81' lang='lat' dir='ltr'>van</span> <span class='ocrx_word' id='word_1_350' title='bbox 719 2130 869 2153; x_wconf 77' lang='lat' dir='ltr'>Baknuizen</span> <span class='ocrx_word' id='word_1_351' title='bbox 890 2136 939 2152; x_wconf 83' lang='lat' dir='ltr'>van</span> <span class='ocrx_word' id='word_1_352' title='bbox 958 2129 1008 2152; x_wconf 85' lang='lat' dir='ltr'>den</span> <span class='ocrx_word' id='word_1_353' title='bbox 1031 2127 1127 2152; x_wconf 77' lang='lat' dir='ltr'>ssrinku</span> <span class='ocrx_word' id='word_1_354' title='bbox 1149 2135 1171 2158; x_wconf 90' lang='lat' dir='ltr'>p.</span> <span class='ocrx_word' id='word_1_355' title='bbox 1191 2126 1251 2151; x_wconf 83' lang='lat'>100.</span> 
     </span>
    </p>

    <p class='ocr_par' dir='ltr' id='par_1_8' title="bbox 331 2166 1543 2272">
     <span class='ocr_line' id='line_1_37' title="bbox 367 2166 1543 2201; baseline -0.003 -8"><span class='ocrx_word' id='word_1_356' title='bbox 367 2170 389 2199; x_wconf 60' lang='lat'>⁷1.)</span> <span class='ocrx_word' id='word_1_357' title='bbox 409 2170 536 2201; x_wconf 72' lang='lat' dir='ltr'>„Adolphi</span> <span class='ocrx_word' id='word_1_358' title='bbox 557 2170 671 2200; x_wconf 86' lang='lat' dir='ltr'>Emperii</span> <span class='ocrx_word' id='word_1_359' title='bbox 692 2169 787 2199; x_wconf 74' lang='lat' dir='ltr'>Opusc.</span> <span class='ocrx_word' id='word_1_360' title='bbox 807 2168 895 2199; x_wconf 82' lang='lat' dir='ltr'>philol.</span> <span class='ocrx_word' id='word_1_361' title='bbox 914 2171 939 2191; x_wconf 87' lang='lat' dir='ltr'>et</span> <span class='ocrx_word' id='word_1_362' title='bbox 961 2168 1036 2191; x_wconf 58' lang='lat' dir='ltr'>nisis·</span> <span class='ocrx_word' id='word_1_363' title='bbox 1057 2167 1137 2198; x_wconf 81' lang='lat' dir='ltr'>praes.</span> <span class='ocrx_word' id='word_1_364' title='bbox 1149 2175 1172 2197; x_wconf 86' lang='lat' dir='ltr'>p.</span> <span class='ocrx_word' id='word_1_365' title='bbox 1184 2166 1272 2190; x_wconf 72' lang='lat' dir='ltr'>VLCf.</span> <span class='ocrx_word' id='word_1_366' title='bbox 1284 2169 1420 2197; x_wconf 83' lang='lat' dir='ltr'>praeterea</span> <span class='ocrx_word' id='word_1_367' title='bbox 1430 2166 1543 2196; x_wconf 82' lang='lat' dir='ltr'>epistula</span> 
     </span>
     <span class='ocr_line' id='line_1_38' title="bbox 331 2205 1543 2238; baseline -0.003 -6"><span class='ocrx_word' id='word_1_368' title='bbox 331 2217 344 2233; x_wconf 84' lang='lat' dir='ltr'>a</span> <span class='ocrx_word' id='word_1_369' title='bbox 371 2209 571 2233; x_wconf 80' lang='lat' dir='ltr'>Schueidewiuo</span> <span class='ocrx_word' id='word_1_370' title='bbox 598 2209 621 2232; x_wconf 90' lang='lat' dir='ltr'>d.</span> <span class='ocrx_word' id='word_1_371' title='bbox 649 2209 664 2232; x_wconf 81' lang='lat'>‘2</span> <span class='ocrx_word' id='word_1_372' title='bbox 692 2216 724 2232; x_wconf 87' lang='lat' dir='ltr'>m.</span> <span class='ocrx_word' id='word_1_373' title='bbox 753 2208 834 2238; x_wconf 83' lang='lat' dir='ltr'>April.</span> <span class='ocrx_word' id='word_1_374' title='bbox 863 2216 884 2231; x_wconf 86' lang='lat' dir='ltr'>a.</span> <span class='ocrx_word' id='word_1_375' title='bbox 904 2207 969 2231; x_wconf 71' lang='lat'>1846</span> <span class='ocrx_word' id='word_1_376' title='bbox 988 2207 1017 2230; x_wconf 88' lang='lat' dir='ltr'>ad</span> <span class='ocrx_word' id='word_1_377' title='bbox 1037 2206 1156 2230; x_wconf 87' lang='lat' dir='ltr'>Geelium</span> <span class='ocrx_word' id='word_1_378' title='bbox 1175 2206 1242 2235; x_wconf 84' lang='lat' dir='ltr'>data,</span> <span class='ocrx_word' id='word_1_379' title='bbox 1262 2213 1329 2236; x_wconf 85' lang='lat' dir='ltr'>quae</span> <span class='ocrx_word' id='word_1_380' title='bbox 1347 2208 1499 2229; x_wconf 80' lang='lat' dir='ltr'>asservatur</span> <span class='ocrx_word' id='word_1_381' title='bbox 1516 2205 1543 2229; x_wconf 90' lang='lat' dir='ltr'>in</span> 
     </span>
     <span class='ocr_line' id='line_1_39' title="bbox 331 2248 828 2272; baseline -0.002 0"><span class='ocrx_word' id='word_1_382' title='bbox 331 2249 469 2272; x_wconf 83' lang='lat' dir='ltr'>Tabulario</span> <span class='ocrx_word' id='word_1_383' title='bbox 489 2248 666 2272; x_wconf 80' lang='lat' dir='ltr'>Bibliothecae</span> <span class='ocrx_word' id='word_1_384' title='bbox 686 2248 828 2271; x_wconf 85' lang='lat' dir='ltr'>Leideusis.</span> 
     </span>
    </p>
   </div>
   <div class='ocr_carea' id='block_1_5' title="bbox 335 2284 1544 2351">
    <p class='ocr_par' dir='ltr' id='par_1_9' title="bbox 335 2284 1544 2351">
     <span class='ocr_line' id='line_1_40' title="bbox 365 2284 1544 2318; baseline -0.003 -7"><span class='ocrx_word' id='word_1_385' title='bbox 365 2288 392 2317; x_wconf 81' lang='lat'>5)</span> <span class='ocrx_word' id='word_1_386' title='bbox 411 2288 447 2311; x_wconf 72' lang='lat' dir='ltr'>Cf.</span> <span class='ocrx_word' id='word_1_387' title='bbox 467 2287 620 2318; x_wconf 68' lang='lat' dir='ltr'>„Ghttinger</span> <span class='ocrx_word' id='word_1_388' title='bbox 639 2288 692 2311; x_wconf 80' lang='lat' dir='ltr'>Gel.</span> <span class='ocrx_word' id='word_1_389' title='bbox 713 2287 790 2310; x_wconf 79' lang='lat' dir='ltr'>Anz.‘’</span> <span class='ocrx_word' id='word_1_390' title='bbox 811 2294 844 2310; x_wconf 86' lang='lat' dir='ltr'>m.</span> <span class='ocrx_word' id='word_1_391' title='bbox 863 2286 923 2310; x_wconf 87' lang='lat' dir='ltr'>Maii</span> <span class='ocrx_word' id='word_1_392' title='bbox 942 2294 964 2309; x_wconf 85' lang='lat' dir='ltr'>a.</span> <span class='ocrx_word' id='word_1_393' title='bbox 983 2285 1061 2315; x_wconf 72' lang='lat'>1847;</span> <span class='ocrx_word' id='word_1_394' title='bbox 1082 2285 1302 2316; x_wconf 77' lang='lat' dir='ltr'>„Zeitsehristsiir</span> <span class='ocrx_word' id='word_1_395' title='bbox 1312 2285 1354 2308; x_wconf 88' lang='lat' dir='ltr'>die</span> <span class='ocrx_word' id='word_1_396' title='bbox 1365 2284 1544 2308; x_wconf 82' lang='lat' dir='ltr'>Alterthums-</span> 
     </span>
     <span class='ocr_line' id='line_1_41' title="bbox 335 2326 793 2351; baseline -0.004 0"><span class='ocrx_word' id='word_1_397' title='bbox 335 2328 531 2351; x_wconf 55' lang='lat' dir='ltr'>wissenschaft*</span> <span class='ocrx_word' id='word_1_398' title='bbox 551 2335 584 2350; x_wconf 84' lang='lat' dir='ltr'>m.</span> <span class='ocrx_word' id='word_1_399' title='bbox 604 2327 661 2350; x_wconf 88' lang='lat' dir='ltr'>lun.</span> <span class='ocrx_word' id='word_1_400' title='bbox 680 2335 701 2350; x_wconf 78' lang='lat' dir='ltr'>a.</span> <span class='ocrx_word' id='word_1_401' title='bbox 721 2326 793 2350; x_wconf 55' lang='lat'>1347.</span> 
     </span>
    </p>
   </div>
  </div>
 </body>
</html>
