1673 2768
909 315 949 344 60

318 411 446 442 referret
480 411 517 441 de
549 410 711 441 volumine
743 409 765 439 Ι.
791 409 894 449 operis
919 406 1063 446 inseripti
1091 405 1252 443 „Histoire
1276 405 1314 436 de
1338 406 1367 436 la
1392 405 1535 437 Civilisa-

319 469 384 498 tion
410 467 527 498 morale
551 470 580 497 et
604 466 773 506 religieuse
797 465 852 495 des
877 462 1006 501 Grecs’',
1026 461 1112 502 quod
1125 461 1159 492 P.
1173 471 1201 492 v,
1216 461 1369 502 Limburg
1382 461 1537 493 Brouwer

320 534 344 554 a.
371 525 455 554 1834
479 523 627 561 ediderat,
652 522 706 553 sed
732 522 758 552 d.
787 522 825 550 15
851 530 890 550 m.
914 519 990 549 Maii
1014 518 1170 549 iudicium
1193 519 1279 549 misit
1300 521 1395 558 atque
1416 519 1537 559 petivit,

320 583 354 611 ut
379 590 473 621 quam
498 580 660 610 celerrime
684 578 770 618 prelo
795 577 1045 608 submitteretur.
1071 574 1158 611 Quae
1182 574 1305 605 consilii
1331 576 1443 605 mutati
1464 585 1537 606 cau—
1569 585 1574 589 ·

320 646 372 667 sae
403 636 530 675 fuerint,
561 636 682 675 ignoro,
715 642 909 674 quamquam
940 632 1041 662 fuisse
1065 630 1219 671 quasdam
1243 640 1283 662 ex
1308 631 1444 671 epistula
1469 632 1538 662 eius

320 695 456 733 apparet.
494 691 596 723 Unam
630 694 735 721 tamen
770 699 809 720 ex
834 690 871 719 iis
897 689 977 718 hane
1001 688 1100 718 fuisse
1125 688 1257 727 conicio,
1282 687 1367 728 quod
1392 688 1426 718 in
1451 687 1541 727 libro,

321 758 414 789 quem
446 749 608 788 inscripsit
642 745 848 785 „Onderzoek
885 754 923 776 en
957 743 1159 783 Phantasie'',
1185 744 1239 784 qui
1264 743 1364 774 isdem
1389 745 1539 784 tempori-

323 805 381 836 bus
414 804 575 843 edebatur,
608 804 836 834 Brouweriano
860 802 947 842 operi
971 800 1127 831 nonnulla
1151 799 1307 831 obiecerat
1324 799 1356 839 ¹),
1381 810 1475 840 quam
1500 800 1540 831 ob

321 871 387 892 rem
423 861 584 892 festinavit
615 861 653 891 de
685 869 721 890 eo
753 859 907 889 iudicium
933 858 1023 897 ferre,
1047 860 1218 897 antequam
1243 866 1339 887 suum
1364 856 1481 888 librum
1506 858 1540 887 in

320 919 424 948 lucem
450 919 605 948 emitteret
621 915 652 954 2).

367 973 459 1011 Quod
495 977 644 1014 quattuor
679 973 806 1003 demum
841 972 935 1002 annis
970 973 1042 1011 post
1076 969 1192 1000 librum
1229 969 1348 1000 editum
1384 969 1538 1000 iudicium

323 1031 419 1070 dedit,
456 1031 494 1061 de
517 1040 553 1061 ea
577 1039 610 1061 re
636 1030 695 1060 hoe
720 1029 813 1059 modo
838 1037 871 1059 se
891 1027 1075 1058 excusavit:
1105 1036 1197 1065 „men
1221 1026 1449 1057 onderseheide
1474 1029 1540 1057 tus-

323 1087 419 1118 schen
456 1086 656 1126 Verslag
681 1085 714 1116 of
735 1085 982 1125 aankondiging,
1006 1093 1043 1114 en
1081 1082 1443 1123 Beoordeeling.
1468 1082 1541 1113 Ter—

324 1144 385 1184 wijl
422 1153 498 1174 eene
534 1143 757 1182 beoordeeling
792 1142 840 1172 uit
875 1141 972 1171 haren
1008 1140 1083 1170 aard
1106 1139 1191 1180 altijd
1216 1140 1275 1170 iets
1300 1139 1540 1180 aanmatigends

324 1200 414 1238 heeft,
441 1200 541 1230 wordt
565 1201 600 1239 zij
628 1198 887 1239 onverdragelijk,
912 1206 1061 1228 wanneer
1084 1197 1119 1236 zij
1145 1196 1228 1236 bijna
1251 1194 1339 1236 geen’
1359 1195 1413 1236 tijd
1435 1198 1541 1226 meent

324 1257 442 1298 noodig
464 1260 494 1287 te
520 1256 654 1295 hebben,
679 1266 729 1286 om
754 1265 829 1286 over
853 1264 910 1286 een
935 1254 1014 1284 boek
1039 1263 1101 1284 van
1122 1252 1318 1293 uitgebreide
1330 1251 1540 1293 geleerdheid,

324 1313 357 1343 of
379 1313 467 1354 diepe
491 1312 688 1353 redenering,
712 1321 769 1343 een
793 1312 910 1342 vonnis
934 1311 980 1341 uit
1005 1313 1035 1341 te
1060 1309 1204 1350 spreken.
1232 1308 1328 1339 Waar
1352 1309 1378 1339 is
1400 1308 1438 1339 de
1458 1318 1542 1349 man,

324 1370 374 1401 die
409 1369 551 1401 terstond
586 1372 616 1400 te
651 1369 724 1400 huis
758 1369 786 1399 is
821 1378 860 1409 op
884 1368 937 1398 het
961 1367 1086 1407 terrein,
1111 1366 1163 1396 dat
1187 1375 1245 1397 een
1269 1365 1426 1406 Schrijver
1450 1365 1541 1396 door-

324 1426 423 1457 werkt
447 1425 551 1457 heeft’'
566 1424 599 1465 3).

369 1483 542 1524 Postquam
580 1483 710 1513 minime
745 1481 805 1512 sibi
842 1480 968 1522 probari
1003 1480 1162 1521 exposuit,
1197 1478 1282 1519 quod
1317 1477 1396 1509 liber
1431 1478 1541 1519 lingua

324 1539 582 1570 Franco-Gallica
606 1540 647 1570 sit
671 1540 818 1579 scriptus,
843 1538 935 1578 primi
959 1537 1132 1567 voluminis
1154 1536 1256 1576 capita
1275 1535 1433 1576 percurrit
1453 1545 1541 1566 suas-

326 1606 388 1637 que
419 1595 656 1627 observationes
687 1596 809 1634 inserit,
844 1594 954 1635 quales
986 1596 1077 1624 sunt:
1106 1593 1173 1633 „wij
1199 1601 1330 1623 meenen
1356 1601 1441 1622 soms
1465 1601 1542 1623 eene

326 1654 455 1694 neiging
486 1653 524 1693 bij
557 1653 628 1684 hem
652 1655 683 1683 te
707 1652 895 1693 bespeuren,
919 1660 969 1681 om
995 1660 1053 1680 aan
1077 1649 1174 1680 latere
1197 1649 1434 1690 getuigenissen
1459 1648 1488 1679 al
1512 1651 1542 1679 te

327 1710 393 1741 veel
418 1720 516 1751 gezag
540 1713 591 1740 toe
614 1712 645 1740 te
669 1709 805 1748 kennen,
830 1718 868 1748 op
892 1707 993 1748 grond
1019 1707 1073 1738 der
1097 1705 1412 1746 vooronderstelling,
1433 1705 1485 1736 dat
1504 1706 1540 1745 zij

328 1767 375 1796 uit
399 1766 515 1797 oudere
539 1766 683 1796 bronnen
707 1768 805 1806 geput
829 1765 898 1805 zijn.
922 1763 1035 1794 Indien
1058 1762 1273 1803 Apollodorus
1298 1761 1331 1792 of
1351 1760 1487 1800 Tzetzes,
1512 1760 1546 1791 of

328 1823 518 1864 dergelijken
555 1823 665 1853 hunne
696 1821 844 1852 verhalen
870 1820 1018 1851 ontleend
1042 1818 1164 1850 hebben
1191 1819 1237 1849 uit
1261 1827 1338 1849 eene
1360 1818 1468 1858 poezij,
1493 1817 1543 1848 die

329 1883 373 1910 tot
404 1878 608 1910 beschaafder
631 1878 730 1918 tijdenv
752 1877 918 1916 behoorde,
942 1876 1003 1907 dan
1028 1875 1159 1906 kunnen
1183 1875 1220 1905 de
1245 1873 1455 1905 voorbeelden
1480 1883 1542 1904 van

328 1938 456 1967 zuivere
481 1936 589 1975 zeden,
614 1935 714 1966 welke
738 1935 773 1974 zij
799 1942 986 1972 aanvoeren,
1009 1942 1080 1963 zeer
1104 1931 1162 1962 wel
1183 1931 1389 1962 verdichtsels
1409 1931 1479 1970 zijn,
1492 1930 1542 1961 die

329 1993 367 2024 de
387 1992 574 2033 weelderige
594 1991 799 2031 verbeelding
818 1990 885 2021 dier
904 1989 1051 2020 Dichters
1072 1989 1137 2019 niet
1161 1987 1325 2018 verkleind
1345 1986 1428 2018 heeft
1442 1985 1481 2024 ⁴).
1496 2011 1501 2017 .
1516 2010 1543 2016 ..

330 2050 376 2089 wij
409 2049 532 2080 zouden
564 2049 629 2079 lust
653 2047 776 2079 hebben
800 2050 831 2078 te
855 2046 1012 2085 beweren,
1035 2045 1087 2076 dat
1112 2045 1150 2075 de
1175 2044 1286 2075 oudste
1311 2043 1446 2074 Grieken
1473 2042 1542 2073 veel

363 2185 389 2214 1)
407 2185 444 2209 Cf,
463 2194 486 2216 p.
505 2185 537 2209 25
557 2186 637 2209 huius
654 2184 791 2208 sectionis.

363 2224 390 2251 2)
409 2225 482 2248 Illius
508 2226 594 2256 operis
620 2225 749 2248 iudicium
776 2224 874 2254 legitur
900 2223 927 2247 in
955 2222 1045 2251 diario,
1071 2221 1140 2252 quod
1167 2221 1323 2245 inscribitur
1349 2220 1395 2251 „de
1414 2219 1500 2249 Gids'·,
1518 2226 1544 2250 p.

331 2263 470 2292 337—345,
489 2265 568 2289 liuius
586 2268 675 2288 autem
694 2272 717 2294 p.
735 2261 875 2287 461—473.

365 2303 390 2333 3)
410 2305 443 2327 l.l.
464 2313 486 2335 p.
505 2304 562 2329 344.

369 2344 392 2374 4)
411 2345 445 2367 l.l.
465 2353 488 2375 p.
507 2344 564 2368 340.
