1673 2768
913 325 953 354 38

325 420 376 450 het
412 419 517 450 echter
548 423 600 449 ten
635 418 715 448 volle
739 426 823 455 eenS‚
847 417 900 447 dat
924 417 1125 448 Stesichorus
1150 417 1213 448 zelf
1236 418 1371 447 nimmer
1395 417 1454 446 iets
1481 426 1540 446 van

326 476 405 515 zijne
429 474 592 506 blindheid
617 484 654 505 en
680 474 718 504 de
744 473 848 504 wraak
873 484 932 504 van
959 473 1083 504 Helena
1107 473 1190 504 heeft
1214 473 1343 512 verteld,
1368 482 1407 503 en
1429 472 1542 503 erken-

328 541 387 562 nen
424 541 550 572 gaarne,
583 531 636 561 dat
660 531 698 570 hij
725 539 802 561 eene
827 530 1018 570 belangrijke
1044 530 1181 571 bijdrage
1204 529 1286 561 heeft
1310 529 1469 570 geleverd‚
1493 532 1541 559 ter

327 587 507 628 verklaring
532 587 586 617 der
609 587 641 616 in
668 587 705 617 de
731 585 878 617 Oudheid
902 596 958 616 zoo
984 586 1160 626 beroemde,
1185 596 1272 616 maar
1297 595 1373 616 voor
1397 595 1455 616 ons
1479 594 1542 625 nog

329 654 386 675 zoo
411 644 550 674 duistere
574 642 768 673 Palinodie”.

371 755 390 793 g
414 754 442 784 8.
466 753 543 784 Post
567 764 592 784 a.
620 753 702 783 1840
728 762 768 783 ex
794 752 894 783 Geelii
918 751 1066 792 operibus
1091 752 1232 784 classicis
1256 752 1434 784 minoribus
1455 762 1543 793 prae-

327 814 375 840 ter
401 809 602 849 „Censuras”
626 809 685 839 tria
709 810 771 839 iam
796 811 915 839 restant
932 806 972 845 ¹):

371 866 670 897 commentationem
706 865 744 896 de
775 865 998 905 Aristophanis
1030 865 1136 906 Equit.
1175 875 1237 896 vss.
1264 866 1436 895 319-321
1466 865 1545 896 reci·

328 923 406 953 tavit
429 933 454 953 a.
482 923 576 961 1842,
600 922 697 953 edidit
722 932 747 952 a.
776 922 878 960 18433

372 989 397 1009 a.
425 979 509 1009 1853
534 979 567 1009 in
592 978 702 1017 diario,
726 979 777 1008 cui
802 987 918 1008 nomen
943 981 991 1008 est
1017 977 1278 1017 „Mnemosyne’',
1302 978 1340 1009 de
1360 979 1469 1009 Aiacis
1483 987 1544 1008 vss.

329 1035 503 1065 646—692
528 1035 674 1075 scripsit;

373 1102 399 1122 a.
428 1092 511 1121 1854
547 1090 769 1131 Lennepianae
793 1091 925 1121 editioni
949 1090 1039 1121 Scuti
1063 1090 1213 1121 Herculis
1237 1090 1463 1131 praefationem
1488 1090 1545 1121 La-

327 1149 426 1179 tinam
451 1148 620 1188 praemisit.

373 1203 444 1235 Duo
469 1204 631 1244 opuscula,
656 1213 737 1244 quae
761 1204 861 1244 primo
885 1203 953 1234 loco
979 1204 1081 1244 posui,
1106 1203 1234 1244 Belgice
1258 1207 1334 1234 sunt
1357 1205 1483 1244 scripta.

373 1259 420 1291 De
444 1261 547 1301 priore
571 1260 837 1291 commentatione
860 1259 988 1291 brevem
1013 1269 1082 1291 csse
1105 1260 1188 1299 licet,
1201 1270 1273 1290 nam
1287 1259 1374 1291 illius
1387 1269 1546 1291 commen-

329 1318 467 1357 tationis,
503 1327 597 1357 quam
634 1317 672 1347 de
706 1317 930 1357 Aristophanis
966 1316 1140 1357 Equitibus
1168 1317 1200 1347 in
1232 1316 1384 1347 Instituto
1409 1317 1436 1347 d.
1461 1316 1480 1346 6
1506 1326 1545 1346 m.

333 1373 403 1404 Iun.
436 1383 461 1403 a.
493 1373 576 1403 1842
602 1373 746 1403 recitavit
759 1370 792 1412 ²),
816 1382 912 1413 parva
936 1375 1058 1403 tantum
1083 1382 1156 1413 pars
1180 1383 1206 1403 a.
1235 1373 1317 1403 1843
1341 1373 1425 1404 edita
1449 1376 1498 1404 est
1512 1370 1548 1412 3),

331 1563 355 1586 p.
382 1554 521 1580 119—142.
548 1555 673 1579 Voluerat
701 1555 743 1587 „in
772 1556 826 1586 ipso
852 1555 1050 1579 Dissertationis
1069 1555 1161 1579 limine
1181 1555 1267 1586 palam
1285 1555 1395 1579 testari'’
1414 1555 1445 1579 de
1463 1555 1546 1579 Geelii

331 1596 358 1618 iu
377 1603 405 1619 se
430 1595 521 1619 inultis
537 1598 564 1619 et
583 1595 725 1626 praeclaris
744 1595 855 1625 meritis,
874 1595 918 1619 sed
942 1595 1033 1626 „aliae,
1050 1595 1195 1626 quominus
1214 1595 1378 1626 propositum
1397 1595 1548 1626 efficere(t),

332 1635 548 1665 prohibuer(a)nt
567 1635 707 1659 rationes'’.

366 1674 402 1698 De
421 1674 469 1698 hac
487 1674 601 1705 epistula
620 1674 682 1698 Geel
702 1674 797 1698 Cobeto
816 1675 922 1705 scripsit
942 1674 986 1706 (cs.
998 1675 1126 1706 „Brieven
1138 1681 1187 1698 van
1198 1674 1277 1698 Cobet
1288 1682 1337 1698 aan
1347 1673 1425 1698 Geel*
1437 1682 1460 1705 p.
1471 1673 1547 1704 406):

334 1713 399 1745 „zijn
427 1715 555 1738 resultaat
574 1715 605 1743 is,
623 1714 666 1737 dat
684 1714 715 1737 de
735 1714 869 1737 Palinodie
887 1721 935 1738 een
954 1721 1013 1737 zeer
1031 1714 1160 1745 geweldig
1178 1714 1280 1737 duister
1298 1714 1361 1744 ding
1380 1714 1402 1737 is
1419 1716 1547 1744 geweest;

333 1754 376 1777 dat
404 1753 473 1785 bijna
501 1753 624 1777 niemaud
652 1754 697 1777 het
717 1754 849 1784 begrepen
870 1754 950 1783 heeft,
967 1761 1000 1777 en
1019 1753 1063 1777 dat
1083 1753 1188 1777 daaruit
1205 1753 1229 1777 al
1248 1753 1280 1777 de
1301 1753 1423 1777 vreemde
1441 1753 1548 1784 opinien

333 1801 366 1817 en
385 1793 566 1824 uitleggingen
585 1800 617 1817 en
637 1793 767 1817 imitatieu
786 1793 833 1816 der
852 1792 945 1817 Ouden
965 1793 1071 1824 volgen!
1091 1793 1140 1816 Per
1158 1800 1199 1816 me
1216 1793 1284 1823 licet,
1300 1795 1325 1816 et
1336 1792 1425 1817 credat
1437 1792 1550 1817 Iudaeus

334 1832 468 1856 Salomo!⁴'

367 1871 393 1902 1)
411 1872 439 1895 In
453 1872 562 1896 historia
583 1872 702 1896 instituti
721 1880 742 1896 a.
762 1871 824 1895 1841
846 1879 870 1902 p.
889 1871 938 1896 190
958 1874 1093 1903 praeterea
1113 1874 1337 1896 commemoratur
1357 1871 1439 1896 Geelii
1458 1872 1549 1903 dispu-

335 1911 396 1935 tatio
415 1912 446 1935 de
465 1911 553 1935 Iliadis
574 1912 590 1935 l.
608 1911 675 1935 XIX.
695 1919 744 1935 vss.
763 1911 795 1935 74
815 1919 885 1942 sqq.;

368 1959 391 1981 p.
418 1950 463 1974 191
492 1951 523 1974 de
551 1951 640 1975 Dionis
667 1951 844 1982 Chrysostomi
871 1958 939 1981 quae
964 1950 1063 1974 dicitur
1090 1951 1197 1974 historia
1226 1951 1324 1975 Getica.
1351 1951 1407 1979 Qua
1425 1951 1456 1974 de
1475 1958 1504 1975 re
1522 1953 1548 1975 et

335 1991 456 2021 Emperio
484 1991 528 2021 (cs.
547 1991 604 2015 eius
621 1991 750 2021 epistulae
769 1991 796 2015 in
814 1991 952 2015 Tabulario
972 1991 1150 2014 Bibliothecae
1169 1991 1316 2020 Leidensis)
1334 1995 1360 2014 et
1376 1991 1485 2015 Brinkio
1501 1999 1550 2015 suo

335 2030 439 2060 scripsit
462 2031 505 2060 (cf.
523 2031 609 2059 diarii,
626 2031 669 2054 cui
688 2038 783 2054 nomeu
810 2031 857 2062 „de
875 2030 962 2061 Gids'',
979 2037 1002 2054 a.
1026 2029 1088 2054 1906
1107 2034 1170 2060 part.
1188 2030 1231 2054 111.
1251 2039 1274 2061 p.
1292 2030 1361 2059 427).

370 2070 397 2093 ln
418 2070 525 2094 historia
544 2078 566 2093 a.
584 2069 650 2094 1845
666 2078 690 2100 p.
708 2069 740 2093 22
758 2070 872 2101 legimus
890 2070 1011 2094 Geelium
1030 2070 1052 2093 d.
1073 2069 1104 2093 10
1123 2077 1157 2093 m.
1176 2070 1258 2100 April.
1276 2077 1299 2093 a.
1319 2069 1382 2093 1844
1400 2070 1549 2100 disputasse

336 2110 366 2132 de
388 2110 472 2133 tribus
491 2110 709 2140 inscriptionibus
729 2109 834 2133 Graecis
852 2117 865 2132 a
884 2109 980 2133 Cobeto
999 2117 1046 2133 suo
1065 2109 1190 2133 Venetiae
1211 2110 1330 2134 detectis.
1349 2117 1416 2140 quae
1441 2109 1548 2133 urbium

336 2149 434 2179 aliquot
453 2149 619 2173 Cretensium
640 2152 713 2179 pacta
732 2149 896 2172 exhiberent.
915 2149 1132 2179 (inscriptionum
1152 2151 1253 2172 textum
1274 2149 1446 2179 explicatione
1462 2148 1549 2172 addita

338 2188 423 2211 Naber
449 2196 470 2211 a.
497 2188 561 2212 1852
588 2189 613 2212 in
641 2189 732 2217 diario,
758 2189 826 2219 quod
846 2188 1001 2212 inscribitur
1017 2187 1229 2219 „Mnemosyness
1247 2187 1341 2217 edidit3
1360 2188 1394 2211 cs.
1412 2190 1547 2219 praeterea

338 2227 464 2257 „ssrieven
485 2235 532 2251 van
552 2227 630 2251 Cobet
650 2235 698 2250 :ian
717 2226 796 2250 Geel”
817 2235 840 2257 p.
858 2226 928 2255 492).

371 2265 398 2293 ⁶2)
417 2266 453 2289 Cf.
472 2266 537 2297 „Het
557 2267 685 2290 Instituut
703 2266 731 2290 of
748 2267 888 2298 Verslagen
907 2274 939 2290 en
960 2266 1185 2297 Menedeelingem
1205 2266 1361 2297 uitgegeven
1381 2266 1443 2290 door
1453 2267 1484 2290 de
1495 2266 1550 2290 vier

339 2305 460 2328 klassers'
479 2313 501 2328 a.
521 2305 585 2329 1843
605 2308 670 2336 part.
690 2306 707 2329 1.
727 2314 751 2337 p.
769 2305 809 2330 22.

371 2343 397 2373 3)
418 2344 485 2368 Part.
503 2345 533 2368 ll.
553 2353 577 2375 p.
595 2344 733 2369 132—140.
