1673 2768
702 312 741 342 37

118 405 238 439 Ἑλένην
261 403 446 443 ἀφελόμενος
469 403 587 434 εἴδωλον
612 404 734 440 Ἑλένης
758 405 838 443 αὐτῷ
866 405 971 435 δέδωκε
998 406 1047 436 nx}
1073 404 1162 440 οὕτως
1184 405 1325 436 ἔπλευσεν

115 462 155 497 εἰς
186 460 301 499 Τροιόιν,
327 459 362 495 ὥς
387 462 463 499 φησι
490 459 679 499 Στησίχορος·
705 462 802 499 Τρῶες
825 459 849 491 οἳ
874 460 937 491 τότ’
965 460 1032 492 [go-ow
1058 461 1182 496 Ἑλένοις
1207 460 1326 492 εἴδωλον

117 518 322 557 ἔχοντ-κη..
357 516 475 548 Omnes
499 518 675 558 pretiosum
700 518 779 548 illud
803 518 1027 558 fragmentum,
1051 521 1138 549 tanto
1162 518 1327 559 naufragio

115 578 269 616 ereptum,
292 574 415 613 fovetis,
439 576 535 614 atque
560 574 751 614 digammate
775 574 914 614 Aeolico,
937 575 1093 615 metrique
1113 576 1235 606 ratione
1249 575 1328 606 bene

116 632 281 663 observata
305 631 350 661 sio
375 630 550 671 expolitum
575 631 750 671 apponitis:

866 676 963 712 Τρῶες

392 729 432 761 Οἳ
455 730 518 761 τότ’
544 730 609 761 'lma
634 730 755 765 Ἑλένης
779 730 898 761 εἴδωλον
923 730 1052 769 ἔχοντες.

159 801 264 832 Nolim
297 799 386 831 vobis
418 800 561 839 illudere,
588 810 606 830 a
631 799 750 840 quibus
774 801 840 831 scio
865 810 960 840 quam
985 800 1078 840 longe
1102 800 1272 831 antecellar
1295 803 1326 831 et

117 859 244 898 ingenio
268 860 298 888 et
322 857 480 894 doctrina;
506 858 645 887 attamen
670 859 755 886 certo
781 857 846 887 scio
872 859 901 887 te
924 856 1037 887 leniter
1061 855 1273 896 subrisurum,
1298 858 1324 887 si

115 914 291 953 ostendero,
327 923 384 944 vos
419 912 536 943 nubem
573 922 629 953 pro
664 912 788 943 Iunone
819 912 975 953 amplecti,
1004 912 1215 953 Tzetzamque
1246 914 1325 943 nihil

115 972 177 1002 nisi
210 968 329 1000 εἴδωλον
364 978 476 1000 versus
511 977 663 999 servasse.
695 968 757 999 Hic
789 969 873 999 enim
906 969 1023 1009 legerat
1054 969 1238 1009 Aristidem,
1270 970 1325 1009 qui

113 1027 144 1058 T.
167 1027 198 1057 ΙΙ
223 1037 250 1067 p.
277 1027 316 1056 72
342 1025 435 1056 Dind.
461 1025 651 1065 disputabat,
674 1027 798 1056 essetne
821 1035 871 1056 ars
892 1025 1028 1055 oratoria
1053 1025 1324 1065 quasivinculum

114 1083 273 1125 quoddam
306 1083 441 1123 partium
476 1082 637 1122 politicae:
671 1080 686 1116 ῆ
712 1080 753 1111 τὰ
777 1084 830 1116 τῆς
855 1084 1012 1116 πολιτικῆς
1036 1081 1072 1116 ὠς
1095 1080 1130 1111 σὺ
1155 1081 1217 1120 φῆς
1241 1080 1326 1120 μόρικ

115 1140 169 1171 ὑπὸ
205 1142 258 1175 τῆς
290 1140 439 1178 ῥητορικῆς
470 1137 648 1176 συνέχετοιις
680 1136 744 1174 ἐμοὶ
770 1137 823 1175 μὲν
845 1136 903 1176 γὰρ
928 1138 964 1172 ὡς
987 1137 1101 1172 οὶληθῶς
1124 1137 1155 1168 οὐ
1180 1138 1326 1176 ῥητορικὴν

113 1198 141 1228 ἐν
173 1196 286 1231 τούτοις
310 1194 442 1233 κακίζειν
465 1194 607 1233 φχίνετοιι
632 1193 696 1224 οὐδὲ
721 1198 880 1230 πολιτικῆς
904 1194 1002 1232 μορίου
1027 1193 1145 1224 εἴδωλον
1169 1193 1324 1229 δεικνύνκι,

113 1254 186 1284 ἀλλ’
212 1251 301 1287 οὕτως
325 1250 421 1290 ὥσπερ
445 1250 566 1282 εἴδωλον
591 1252 739 1289 ῥητορικῆς
764 1251 945 1289 ἀπειληφὼς
965 1249 1016 1281 ἐπὶ
1031 1250 1124 1289 τούτῳ
1137 1249 1325 1289 σπουδάζειν,

115 1311 209 1345 αὐτῆς
234 1309 258 1340 δ’
284 1308 342 1339 οὐδ’
368 1306 531 1342 ἅπτεσθαι,
556 1306 653 1345 ὥσπερ
677 1307 701 1337 οἱ
725 1306 910 1346 Στησιχόρου
934 1309 1021 1346 Τρῶ
1036 1319 1097 1342 ες,
1122 1307 1158 1337 οἱ
1182 1307 1226 1338 τὸ
1250 1312 1326 1343 τῆς

116 1366 291 1401 Ἑλένης
322 1365 504 1395 εἴδωλον
538 1363 738 1402 ἔχοντες.
765 1383 803 1386 —
829 1364 968 1395 Videsne
993 1363 1214 1394 Commentum
1238 1363 1326 1395 Tzet-

114 1425 253 1464 zianum,
285 1422 514 1453 Stesichoream
539 1420 626 1451 σκιὰν
649 1419 808 1451 οέΐσσουο-κν
832 1421 865 1450 in
890 1421 1057 1461 postremis
1083 1420 1233 1451 Aristidis
1258 1430 1324 1451 ver-

113 1480 185 1511 bis?
222 1479 399 1510 Graeculus
424 1477 548 1508 Codicis
573 1478 623 1508 sui
648 1477 800 1508 Aristidei
826 1477 1012 1517 corruptela,
1039 1477 1087 1507 vel
1112 1477 1218 1517 potius
1244 1477 1323 1517 siglo

113 1537 263 1576 deceptus
295 1545 335 1566 ex
364 1534 388 1565 οἱ
413 1534 445 1565 τὸ
469 1537 523 1569 τῆς
546 1534 619 1565 fecit
644 1534 668 1564 οἱ
692 1533 754 1564 τότ’
780 1530 853 1568 fferam
877 1534 926 1564 vel
953 1532 1026 1563 ἴσαν.
1052 1533 1113 1563 Hic
1138 1543 1224 1564 nunc
1249 1544 1325 1574 quo-

114 1593 281 1624 dammodo
318 1592 465 1623 excusari
501 1593 612 1632 potest,
644 1591 729 1631 quod
763 1590 903 1621 diversas
927 1589 1042 1620 εἰδώλου
1066 1589 1207 1621 Helenae
1230 1590 1326 1620 tradi-

114 1651 215 1681 tiones
250 1658 351 1690 aeqne
387 1649 515 1679 miscuit
549 1657 585 1678 ac
621 1647 796 1678 Scholiasta
832 1647 982 1677 Aristidis
1014 1646 1144 1677 Panath.
1170 1646 1185 1677 I
1209 1657 1236 1687 p.
1261 1647 1324 1676 212

113 1706 207 1738 Dind.
251 1715 346 1747 quam
391 1704 610 1736 confusionem
649 1706 683 1734 tu
719 1704 836 1744 optime
872 1703 1142 1741 animadvertisti3
1179 1704 1325 1734 excusari

114 1772 316 1804 nequaquam
353 1763 516 1802 potuisset,
548 1762 575 1791 si
607 1760 790 1790 Palinodiae
814 1759 977 1800 exemplar
1001 1759 1146 1790 manibus
1171 1760 1325 1790 versavis—

114 1823 167 1852 set.
200 1819 335 1850 Aristidi
367 1818 533 1849 obversata
564 1820 640 1848 sunt
665 1816 828 1847 Platonica
852 1816 939 1856 Reip.
965 1815 1031 1846 Lib.
1056 1815 1105 1846 IX
1129 1826 1157 1856 p.
1183 1816 1245 1846 586
1270 1815 1326 1846 c.''.

158 1876 205 1908 De
240 1886 303 1916 quo
340 1875 439 1906 Geelii
475 1875 604 1905 invento
637 1873 822 1904 Bakhuizen
856 1882 915 1903 van
950 1872 1009 1903 den
1035 1871 1135 1902 Brink
1160 1873 1192 1902 in
1218 1872 1326 1911 diario,

113 1934 165 1964 cui
190 1942 305 1963 nomen
330 1935 394 1962 est:
424 1931 482 1970 „de
507 1929 615 1969 Gids”,
639 1932 709 1970 part
732 1929 755 1960 I.
781 1939 808 1970 p.
835 1929 898 1958 624
924 1929 999 1959 haec
1024 1928 1192 1959 iudicavit:
1211 1928 1325 1967 „Stesi-

113 1991 229 2021 chorus
249 1990 276 2020 is
301 1988 455 2019 daardoor
480 1997 539 2018 van
566 1996 623 2018 een
644 1985 841 2027 bespottelijk
854 1995 925 2016 vers
939 1985 1120 2025 vrijgepleit,
1133 1985 1186 2015 dat
1197 1984 1325 2015 Tzetzes

113 2047 183 2078 hem
219 2045 279 2076 had
312 2044 552 2086 opgedrongen:
586 2042 654 2074 een’
686 2042 891 2083 prozai'schen
916 2041 1001 2082 regel
1026 2051 1086 2071 van
1111 2042 1163 2072 het
1189 2040 1325 2071 maaksel

114 2113 174 2134 van
211 2102 375 2133 Aristides.
411 2100 569 2131 Ofschoon
606 2100 653 2139 wij
690 2099 756 2130 niet
790 2099 822 2128 in
854 2098 936 2129 allen
970 2097 1056 2128 deele
1087 2097 1125 2128 de
1149 2097 1325 2138 stellingen,

113 2160 190 2190 door
214 2159 273 2190 den
297 2158 382 2189 Heer
407 2157 481 2188 Geel
508 2156 753 2197 voorgedragen,
777 2157 824 2186 tot
848 2155 886 2185 de
910 2164 988 2185 onze
1014 2152 1164 2191 maken1)
1190 2154 1249 2194 zijn
1275 2155 1323 2194 wij

145 2301 172 2331 1>
192 2300 343 2325 Bakhuizen
364 2307 411 2323 van
430 2300 480 2323 den
501 2298 582 2323 Brink
602 2300 734 2329 quatenus
753 2296 860 2321 aGeelii
871 2296 1002 2320 sententia
1011 2295 1182 2326 discreparet,
1192 2295 1325 2326 professus

113 2343 151 2365 est
170 2339 282 2371 epistula
300 2339 388 2364 Geelio
408 2339 526 2363 dedicata
545 2338 572 2362 in
590 2338 682 2369 diario,
700 2336 742 2361 cui
763 2343 858 2360 nomeu
880 2335 1031 2367 „Symbolae
1050 2335 1250 2365 Literariae'’‚a.
1264 2334 1325 2358 1843
