1673 2768
897 298 914 327 6

300 403 327 433 p.
353 392 533 430 164-180,
554 391 592 422 de
612 391 728 432 Hippia
750 401 776 431 p.
795 390 975 426 181-200,
988 390 1026 420 de
1038 390 1273 429 Thrasymacho
1287 400 1315 430 p.
1330 390 1515 428 &ol—224,

301 449 339 479 de
373 447 553 478 iunioribus
589 447 747 488 Sophistis
779 457 807 488 p.
833 447 1018 485 225—231,
1051 446 1089 477 de
1120 456 1229 477 eorum
1255 447 1339 485 vitis,
1363 445 1517 483 moribus,

301 505 435 545 scriptis,
455 505 598 545 placitis3
624 507 784 544 praeterea
804 503 842 534 de
862 503 1008 543 Gorgiae,
1018 502 1219 543 Protagorae,
1232 503 1369 542 Prodici,
1381 502 1519 543 Hippiae

302 561 427 592 dicendi
460 564 556 601 atque
591 561 725 591 docendi
762 560 863 590 modis
895 560 1062 600 separatim
1089 560 1238 600 exponit3
1264 560 1405 590 sectione
1428 560 1520 590 tertia

302 618 407 658 agitur
441 617 498 656 „de
523 620 711 657 temporum,
736 615 854 657 quibus
879 615 1058 646 floruerunt
1082 614 1257 656 Sophistae,
1284 616 1520 656 opportunitate

303 674 341 704 ad
362 683 471 704 eorum
498 673 673 703 doctrinam
699 672 935 713 provocandam
961 675 991 702 et
1012 671 1278 712 propagandam”,
1293 682 1320 712 p.
1335 672 1520 711 232-245‚

305 732 334 760 et
357 729 455 760 altero
480 729 582 769 capite
609 728 667 767 „de
690 727 888 768 Sophisticae
909 737 970 758 usu
994 730 1024 758 et
1043 727 1280 767 incrementis‘’,
1293 738 1321 769 p.
1335 728 1520 759 246—250.

305 785 549 816 Conclusionem
585 794 614 824 p.
647 784 710 814 250
743 784 857 814 factam
890 787 1072 824 sequuntur
1096 784 1251 815 Addenda
1273 788 1304 815 et
1329 784 1521 825 Corrigenda

306 845 400 881 atque
424 841 536 880 Index,
561 849 664 881 usque
688 840 727 870 ad
752 850 780 881 p.
806 840 878 870 260.

350 897 496 935 Zeller1)‚
521 898 576 938 qui
600 898 632 927 in
658 897 761 937 operis
785 897 1012 927 illustrissimi:
1041 896 1120 936 „Die
1141 896 1345 938 Philosophie
1366 897 1420 928 der
1434 897 1521 929 Grie-

306 954 407 985 cheu''
440 954 500 984 vol.
532 953 563 984 14
586 958 675 994 parte
699 953 765 984 III:
794 952 874 992 „Die
899 952 1101 994 Sophisten’',
1126 964 1154 994 p.
1181 954 1390 993 932—1041,
1414 954 1521 985 decem

305 1011 370 1042 fere
395 1011 472 1041 locis
498 1010 597 1041 Geelii
623 1011 818 1041 mentionem
842 1010 927 1049 facit,
952 1020 1016 1040 uno
1038 1010 1179 1041 alterove
1199 1013 1323 1041 tantum
1345 1010 1414 1041 loco
1428 1010 1524 1042 verba

306 1068 375 1098 eius
407 1066 505 1106 affert,
537 1065 672 1107 Gorgiae
705 1070 734 1097 et
758 1066 952 1107 Protagorae
976 1067 1056 1097 vitas
1081 1076 1098 1096 a
1124 1066 1232 1097 Geelio
1257 1067 1361 1098 levius
1386 1067 1523 1108 descrip-

306 1127 354 1154 tas
381 1132 449 1154 esse
473 1123 601 1153 iudicat.

350 1179 459 1219 Ipsum
494 1178 637 1210 Geelium
672 1188 766 1219 opere
797 1188 856 1210 suo
882 1179 1013 1209 minime
1037 1182 1222 1210 contentum
1247 1179 1347 1210 fuisse
1372 1179 1526 1211 discimus

308 1245 348 1266 ex
372 1236 420 1275 iis,
446 1245 527 1276 quae
552 1236 679 1276 scripsit
703 1236 735 1266 in
764 1235 941 1274 „censura”
966 1235 1069 1266 Fossii
1091 1236 1129 1266 de
1143 1235 1260 1276 Gorgia
1273 1235 1428 1267 Leontino
1441 1246 1525 1267 com-

308 1293 511 1323 mentationis
527 1290 566 1329 2);
597 1291 774 1332 „Religioni
799 1295 884 1323 certe
908 1291 1060 1323 habebam
1086 1296 1232 1323 auctores
1253 1302 1270 1322 a
1295 1292 1427 1323 Platone
1451 1293 1526 1323 inde

311 1353 392 1379 totos
416 1349 586 1389 perlegere.
612 1348 728 1379 Evenit
753 1348 838 1389 quod
863 1348 1032 1389 providere
1055 1352 1237 1389 potueram:
1263 1352 1436 1390 congestus
1460 1352 1527 1380 erat

310 1415 446 1446 magnus
497 1415 630 1436 acervus
676 1405 867 1444 libellorum,
914 1408 1149 1446 excerptorum,
1195 1405 1525 1445 animadversionum3

309 1462 444 1501 abunde,
480 1465 514 1492 ut
545 1461 724 1501 videbatur,
756 1455 902 1492 materiei
922 1462 1046 1492 aderat:
1074 1462 1229 1502 quaedam
1254 1462 1424 1501 elaborata,
1448 1472 1527 1493 non—

311 1518 398 1548 nulla
439 1518 594 1557 inchoata,
629 1522 660 1548 et
699 1528 893 1558 quamquam
931 1518 1100 1559 colligendi
1136 1518 1333 1559 diligentiam
1371 1519 1527 1549 iudicium

311 1574 530 1614 comitabatur,
554 1575 705 1615 pleraque
729 1575 858 1614 incerta,
883 1584 988 1615 neque
1012 1575 1051 1605 ad
1076 1584 1145 1606 eam
1170 1576 1321 1606 scientiae
1345 1575 1525 1606 firmitatem

311 1631 456 1670 adducta,
500 1641 581 1672 quae
623 1631 836 1672 comparando
872 1632 1001 1662 demum
1037 1632 1356 1672 argumentandoque
1391 1632 1527 1663 exsistit.

310 1688 426 1719 Tamen
453 1687 540 1718 labor
564 1688 617 1719 ille
642 1688 731 1719 brevi
756 1688 974 1729 profligandus
998 1688 1068 1727 fuit,
1092 1698 1150 1719 nec
1174 1698 1324 1729 prospera
1346 1689 1529 1720 valetudine

313 1754 370 1775 nec
406 1745 491 1775 lauta
526 1754 558 1775 re
590 1745 725 1775 libraria.
757 1744 880 1776 Prodiit
904 1745 1042 1784 libellus,
1067 1745 1229 1776 iudicibus
1254 1745 1423 1786 probatus3
1451 1746 1529 1776 mihi

312 1802 372 1842 ipsi
408 1805 516 1842 postea
551 1802 583 1832 in
620 1802 687 1832 dies
720 1803 827 1832 minus
859 1802 989 1842 placuit,
1023 1803 1150 1842 parcius
1175 1811 1212 1832 ac
1238 1801 1302 1832 fere
1327 1812 1399 1832 cum
1425 1802 1529 1833 taedio

313 1859 491 1898 inspectus:
524 1859 698 1898 sepositum
732 1858 871 1899 denique
902 1868 918 1889 e
950 1858 1127 1899 longinquo
1159 1859 1277 1889 intueri
1301 1868 1364 1889 non
1390 1862 1528 1899 poteram

314 1916 382 1945 sine
407 1915 464 1945 hoc
489 1909 622 1946 versuz'

502 2001 647 2040 ἐκύμιρςς
671 2002 704 2037 δή
731 2014 792 2039 ast,
817 2002 910 2037 τέκες,
937 2001 1046 2036 {wan
1072 1999 1109 2032 εἶ’
1135 2002 1284 2040 ,ἐγερεύεις
1298 2000 1342 2043 ³).

351 2155 374 2184 1)
392 2156 438 2179 Tli.
459 2157 585 2187 Gomperz
604 2156 787 2187 (Griechische
807 2157 921 2186 Denker,
939 2165 961 2180 a.
984 2156 1058 2187 1896)
1077 2164 1177 2187 onlneS,
1195 2157 1239 2187 qui
1259 2160 1320 2180 ante
1330 2164 1390 2180 eum
1403 2156 1434 2180 de
1445 2157 1528 2180 isdem

315 2195 395 2218 rebus
414 2196 592 2226 cogitaverant
609 2199 634 2219 et
655 2196 824 2226 scripserant.
844 2204 926 2227 paene
946 2196 1071 2227 neglexit.

351 2233 377 2260 9.)
399 2234 462 2258 Bibl.
482 2236 540 2258 erit.
558 2243 616 2259 nov.
638 2236 685 2259 vol.
704 2236 724 2259 V
743 2239 810 2266 part.
830 2236 847 2264 1,
867 2243 889 2266 p.
912 2235 1050 2259 137—157.

350 2273 376 2301 3)
395 2274 473 2297 Cobet
492 2275 616 2303 (Brieven
638 2283 686 2299 vau
706 2275 785 2299 Cobet
803 2283 851 2299 aan
871 2275 933 2299 Geel
952 2283 975 2305 p.
994 2274 1054 2305 269)
1075 2275 1202 2305 quasdam
1221 2274 1388 2298 coniecturas
1403 2274 1532 2302 ὠκυμὸρσυς

317 2314 440 2343 appellat,
463 2314 560 2343 quibus
580 2315 665 2338 verbis
683 2316 808 2338 continuo
826 2315 910 2338 addit:
931 2315 999 2346 „NR
1019 2315 1043 2338 ik
1066 2314 1163 2338 besteel
1184 2322 1214 2337 u:
1235 2317 1305 2338 want
1324 2322 1356 2338 na
1376 2314 1531 2338 Aristoteles
