1673 2768
545 789 797 829 SEOTIO
850 790 878 829 1.

236 903 286 935 De
310 902 427 936 Geelii
453 904 621 945 operibus
646 904 859 945 minoribus,
883 913 971 945 quae
996 904 1034 935 in
1060 903 1190 936 studiis

517 961 676 993 classicis
700 962 902 994 versantur.

594 1225 776 1255 CAPUT
823 1225 844 1255 I.

285 1329 366 1355 QUAE
390 1328 489 1355 USQUE
513 1329 551 1349 AD
579 1330 605 1349 Α.
630 1329 809 1350 MDCCCXXIII
834 1329 873 1349 AB
898 1328 934 1349 ΕΟ
960 1328 1024 1348 SIN'I'
1050 1328 1145 1348 EDITA.

154 1412 171 1451 ξ
199 1413 224 1442 1.
248 1412 389 1453 Triginta
413 1422 513 1443 annos
538 1415 642 1451 natus,
666 1423 692 1442 a.
720 1413 813 1450 1819,
834 1412 908 1442 Geel
931 1412 1061 1452 primam
1085 1411 1319 1441 commentatio-

109 1478 179 1499 nem
206 1469 243 1498 de
268 1469 383 1499 studiis
406 1469 547 1509 antiquis
572 1469 670 1499 edidit
688 1468 716 1505 ¹).
742 1468 868 1508 Belgice
888 1471 935 1499 est
955 1469 1087 1508 scripta:
1113 1466 1211 1505 „Kort
1225 1466 1320 1496 Over-

109 1525 172 1565 zigt
196 1535 256 1555 van
282 1525 340 1556 den
364 1525 449 1566 Loop
471 1525 525 1556 der
546 1525 719 1556 Grieksche
740 1525 954 1556 Letterkunde
976 1528 1005 1555 te
1026 1524 1236 1561 Alexandri&
1260 1526 1322 1553 met

108 1591 185 1612 eene
217 1581 338 1612 Proeve
370 1592 430 1612 van
467 1582 517 1612 het
542 1581 755 1612 Heldendicht
780 1591 839 1611 van
864 1581 1055 1621 Apollonius
1080 1580 1222 1610 Rhodius
1247 1589 1323 1610 over

109 1638 168 1668 den
194 1638 507 1678 Argonauten-togt”
524 1636 564 1676 2);
590 1639 720 1668 recitata
745 1641 791 1668 est
816 1637 925 1677 Hagae
950 1636 1081 1667 Comitis
1106 1638 1137 1666 in
1160 1636 1324 1674 Socffltate,

108 1695 160 1724 eui
185 1703 298 1725 nomen
325 1697 372 1725 est
398 1693 621 1735 ,‚Diligentia‘⁷.

152 1749 262 1791 Regno
302 1749 511 1781 Macedonum
549 1750 650 1781 deleto
686 1753 793 1780 narrat
829 1750 912 1780 viros
949 1749 1057 1779 doctos
1093 1748 1320 1779 Alexandriam

141 1884 166 1914 1)
187 1885 251 1909 Fere
276 1885 367 1909 decem
391 1887 453 1908 ante
477 1885 554 1908 annis
573 1884 634 1908 Geel
654 1884 681 1908 in
702 1884 836 1908 Athenaeo
857 1883 1093 1908 Amstelodamensi
1114 1883 1236 1906 Praeside
1256 1882 1322 1906 Len-

108 1925 185 1955 nepio
212 1925 362 1948 Professore
384 1923 539 1948 defenderat
564 1931 658 1947 novem
683 1924 771 1947 theses
796 1924 888 1947 Latine
914 1923 1039 1953 scriptas:
1057 1925 1097 1946 est
1115 1930 1180 1953 opus
1199 1922 1323 1948 iuvenile„

109 1971 160 1988 non
187 1966 227 1987 est
255 1964 365 1988 editum.
390 1964 515 1988 Memoria
534 1964 628 1994 dignae
648 1963 773 1987 videntur
790 1963 897 1993 quinta:
918 1962 1151 1994 „Xenoplionteam
1172 1961 1243 1984 illam
1263 1960 1323 1991 Cyri

109 2004 250 2027 Historiam
270 2004 367 2027 maiore
387 2003 437 2027 sule
455 2003 561 2034 dignam
580 2010 645 2032 esse,
663 2010 742 2033 quam
763 2002 936 2026 Herodoteam
957 2000 1158 2025 contendimus''
1178 2002 1203 2023 et
1220 2002 1323 2023 octava:

109 2043 192 2075 „Mate
211 2043 331 2067 Socrates
349 2050 363 2066 e
381 2050 487 2067 carcere
506 2042 640 2066 Critonem
663 2043 738 2072 sequi
759 2041 869 2065 noluit''.

142 2083 319 2107 Asservantur
338 2083 386 2106 hae
413 2083 502 2106 theses
522 2082 548 2106 in
569 2081 730 2105 Bibliotheca
750 2080 995 2104 Amstelodamensi.

140 2121 166 2152 2)
186 2122 261 2146 Edita
280 2125 319 2146 est
339 2122 365 2146 in
384 2122 475 2152 diario,
494 2122 535 2145 cui
556 2129 652 2145 nomen
672 2124 711 2145 est
731 2121 926 2152 „Mnemosyne
942 2119 1126 2150 Mengelingen
1144 2125 1203 2141 voor
1214 2118 1323 2142 Weten-

108 2161 240 2192 schappen
259 2169 292 2185 en
313 2161 413 2192 Fraaije
432 2159 583 2189 Lettere11''‚
601 2161 626 2184 in
648 2162 720 2190 parte
740 2159 805 2183 VIII.
825 2159 881 2182 Mea
900 2159 1007 2189 quidem
1027 2158 1157 2181 sententia
1177 2157 1323 2180 Hamakera

108 2203 134 2224 et
153 2201 220 2225 hanc
238 2201 488 2224 commentationem
507 2202 533 2223 et
552 2200 615 2223 alias
635 2198 733 2231 („Over
751 2199 802 2222 den
821 2198 893 2229 Gang
913 2206 960 2221 van
981 2198 1024 2220 het
1044 2197 1195 2221 Onderzoek
1213 2197 1239 2220 in
1251 2196 1324 2220 Oude

110 2240 296 2264 Geschiedenis
320 2248 352 2264 en
371 2240 494 2263 Letteren
515 2247 546 2263 en
566 2239 674 2262 deszelfs
693 2237 842 2267 Grenzen'';
863 2238 929 2269 „Het
950 2237 1054 2267 Btijspel
1073 2236 1106 2267 hij
1127 2236 1158 2259 de
1178 2235 1323 2263 Grieken¹’;

110 2279 195 2311 „Over
219 2280 264 2303 het
289 2279 445 2310 Delphische
465 2278 591 2308 Orakel'';
611 2285 658 2301 nec
679 2285 729 2301 non
750 2277 957 2308 „Levensschets
977 2284 1025 2299 van
1048 2276 1076 2299 Α,
1096 2276 1126 2298 Η.
1146 2276 1172 2299 L.
1193 2274 1324 2304 Heeren”)

109 2319 180 2342 inter
199 2318 281 2342 Geelii
300 2319 398 2349 scripta
417 2318 573 2349 philologica
594 2324 752 2341 enumerare
771 2316 870 2340 debuit.

1211 2358 1223 2382 1
