1673 2768
887 277 926 307 96

302 371 383 403 rebit
407 371 549 402 Geelium
575 381 638 401 non
660 370 804 400 codicum
826 369 1053 407 aestimatione,
1066 368 1120 398 sed
1134 370 1242 398 textus
1256 368 1513 408 interpretatione

303 429 433 459 ductum
456 428 606 458 lectiones
620 427 764 457 codicum
779 428 808 456 et
821 425 969 456 editionis
984 423 1188 454 Morellianae
1201 425 1377 454 correxisse
1390 433 1429 454 ex
1444 423 1513 453 aliis

303 484 474 515 codicibus.
502 483 593 520 Quod
608 486 642 513 ut
655 483 782 521 faceret,
795 483 822 512 ei
835 481 1016 511 facultatem
1031 480 1186 511 dederunt
1198 480 1323 510 collatio
1337 481 1387 510 sui
1397 480 1514 510 codicis

304 540 335 571 M
361 543 445 579 („ten
471 540 557 571 deele
581 540 658 570 door
681 548 738 570 een
764 538 913 576 anderen,
938 537 1011 577 lang
1034 537 1176 577 geleden,
1199 536 1378 577 gemaakt'')
1402 540 1431 567 et
1452 536 1514 566 col-

304 598 377 627 latio
402 597 518 627 codicis
543 596 679 627 Parisini
707 595 730 625 C
754 605 771 625 a
796 594 1036 624 Gildemeistero
1061 594 1089 624 ei
1113 593 1207 623 allata
1224 591 1258 633 ¹).

348 653 539 694 Eligendum
574 655 651 693 puto
676 661 715 682 ex
740 652 778 681 iis
804 651 890 690 locis,
916 659 1052 690 quorum
1079 649 1228 680 lectiones
1253 659 1270 679 a
1295 648 1403 679 Geelio
1428 657 1515 689 prae-

304 710 383 740 latas
418 709 535 749 Emper
570 712 599 739 et
630 707 677 738 De
702 708 814 737 Arnim
840 709 895 737 aut
919 705 1012 736 ambo
1037 708 1092 736 aut
1116 705 1266 736 alteruter
1290 705 1321 735 in
1347 708 1438 735 textu
1461 713 1515 735 ex—

305 766 421 796 hibent.
447 765 516 795 Hoc
541 765 617 795 mihi
642 764 774 804 sumpsi,
799 765 833 793 ut
857 763 974 803 passim
999 771 1040 793 ex
1064 761 1256 793 editionibus
1277 761 1467 802 Emperiana
1487 764 1517 791 et

305 823 492 852 Arnimiana
527 821 650 852 codices
679 820 818 851 melioris
843 822 935 850 notae
959 819 1106 850 adderem
1130 819 1178 857 iis,
1203 828 1283 858 quos
1308 818 1396 849 affert
1420 817 1514 855 Gee13

306 879 499 909 monendum
536 879 620 908 enim
657 880 704 908 est
735 876 799 907 fere
832 875 951 916 ubique
966 874 991 916 ²)
1017 878 1140 916 praeter
1163 875 1314 906 lectiones
1340 875 1516 905 editionum

306 935 447 966 Venetae
471 938 500 965 et
525 934 728 964 Morellianae
751 935 874 963 tantum
901 942 940 963 ex
965 931 1189 962 collationibus
1214 931 1321 962 nescio
1346 930 1517 971 quomodo

305 992 395 1022 factis
419 994 510 1021 notas
535 991 562 1021 ei
586 990 686 1020 fuisse
709 989 859 1020 lectiones
884 988 1029 1018 codicum
1055 987 1078 1018 C
1103 991 1132 1018 et
1157 987 1197 1017 M.

350 1048 383 1078 P.
409 1049 470 1078 ‘2322
497 1047 663 1078 lectionem
690 1046 833 1076 codicum
860 1044 927 1075 CM
952 1043 1177 1078 ἑπκνκστοέντος
1201 1044 1313 1074 ceteris
1336 1043 1491 1084 praetulit.

351 1105 413 1134 26d
438 1103 474 1134 δι’
500 1103 581 1137 :ime
604 1102 695 1140 (ΟΜ)
720 1103 900 1142 anteposuit
924 1102 1051 1132 lectioni
1076 1100 1202 1136 ἡδίστεις
1227 1100 1267 1139 (U
1280 1100 1334 1138 B);

352 1162 412 1191 32a
447 1160 554 1198 ἱλκρεῖς
590 1159 627 1200 (C
641 1158 685 1196 M)
709 1160 884 1199 scripturae
908 1158 1041 1195 λγκθοῖς,
1067 1166 1148 1198 quae
1170 1151 1332 1188 invenitur
1356 1157 1388 1186 in
1412 1156 1519 1186 codice

307 1216 337 1247 U
361 1219 390 1247 et
414 1217 445 1246 in
472 1216 614 1256 margine
638 1215 755 1246 codicis
780 1214 828 1252 Μ;

353 1273 412 1303 710
437 1275 599 1311 περιεῖλκεν
623 1272 659 1309 (Β
674 1271 707 1309 C)
723 1270 748 1311 3)
773 1271 900 1301 lectioni
926 1259 1071 1301 codicum
1097 1270 1294 1310 reliquorum
1312 1268 1462 1305 περιῆλθεν
1476 1268 1517 1306 ⁴);

307 1330 380 1360 item
416 1329 583 1360 lectionem
617 1328 734 1359 codicis
759 1327 782 1358 C
806 1327 956 1365 ἀνανῆψαι
981 1326 1130 1367 praetulit
1154 1327 1328 1366 scripturae
1351 1325 1519 1359 ἀνκνεῦσαι,

308 1395 389 1426 quae
413 1387 444 1416 in
470 1385 538 1416 ΠΒ
563 1385 734 1415 invenitur.

354 1443 415 1472 761)
452 1443 574 1473 monuit
610 1441 746 1480 φιλόψων
782 1451 821 1472 ex
858 1440 892 1480 C,
927 1450 988 1470 non
1026 1439 1207 1478 φιλοψύχων
1239 1448 1278 1470 ex
1303 1438 1425 1478 UBV,
1449 1447 1518 1469 esse

309 1499 510 1531 sumendum.

354 1556 415 1587 95b
440 1555 545 1587 verbis
570 1553 789 1591 ἐξηπκτημένοι
815 1555 866 1584 τοῦ
891 1552 1080 1592 πράγματος,
1106 1562 1187 1593 quae
1212 1552 1306 1583 editio
1331 1551 1518 1582 Morelliana

309 1623 347 1644 ex
374 1612 537 1643 codicibus
562 1612 629 1643 ΠΒ
654 1611 756 1649 habet,
780 1611 916 1642 inseruit
940 1619 979 1641 ex
1005 1609 1073 1640 CM
1097 1610 1152 1639 τῶν
1177 1607 1310 1646 ἀπείρων.

356 1669 440 1700 100d
472 1668 503 1699 δὲ
535 1668 566 1699 οὗ
591 1671 688 1707 χεῖρον
712 1666 800 1709 (UB
815 1667 865 1708 M)
891 1666 1030 1698 defendit
1054 1669 1163 1697 contra
1186 1665 1217 1695 δὲ
1244 1664 1294 1695 xxi
1321 1662 1408 1700 ἧττον
1432 1664 1466 1695 τὸ
1489 1664 1520 1694 οὐ

312 1729 417 1765 χεῖρον,
454 1725 539 1766 quod
571 1724 594 1755 C
625 1724 726 1763 habet,
758 1727 788 1755 et
820 1726 930 1754 contra
954 1723 1121 1753 lectionem
1146 1722 1291 1752 codicum
1316 1721 1522 1762 reliquorum,

310 1792 404 1823 quam
429 1781 476 1812 De
501 1782 614 1812 Arnim
638 1783 768 1812 secutus
792 1783 856 1811 est:
882 1779 912 1810 δὲ
938 1779 997 1817 οὐχ
1022 1777 1161 1820 {vi-off).

355 1839 436 1869 1310
450 1837 479 1880 ⁶)
505 1837 540 1868 ἂν
560 1837 585 1868 οἱ
608 1837 837 1876 ἐφθκλμιῶυτες
862 1834 904 1877 (G
918 1835 1009 1877 MV)
1035 1835 1205 1875 legendum
1227 1844 1296 1865 esse
1309 1835 1445 1875 scripsit,
1458 1844 1520 1864 non

309 1894 450 1933 ἅνθρωποι
475 1893 662 1933 mammea
687 1894 771 1934 quod
796 1894 827 1923 in
853 1892 1016 1923 codicibus
1041 1891 1069 1922 U
1085 1892 1109 1922 B
1135 1894 1164 1922 et
1188 1892 1220 1921 in
1243 1891 1385 1931 margine
1405 1891 1522 1921 codicis

344 2068 370 2099 1)
389 2068 426 2092 Cf.
445 2067 573 2099 Olympici
593 2067 673 2098 praef.
693 2074 717 2097 p.
734 2066 802 2090 xxl.

344 2107 371 2139 2)
389 2108 426 2132 Cs.
445 2108 526 2131 huius
544 2106 674 2131 Sectionis
692 2114 717 2137 p.
734 2106 766 2130 80
784 2114 823 2137 sq.

345 2147 371 2177 3)
390 2147 478 2171 Oratio
498 2146 540 2170 111.
559 2149 584 2170 et
603 2145 645 2170 IV.
661 2146 713 2170 huc
732 2153 816 2176 usque
834 2145 908 2169 deest
927 2144 953 2168 in
972 2143 1060 2168 codice
1079 2143 1111 2166 M.

345 2187 371 2216 4)
391 2187 426 2210 De
462 2187 554 2210 Arnim
582 2193 634 2209 non
661 2185 797 2209 annotavit
824 2184 942 2213 περιῆλθεν
968 2190 1024 2207 esse
1052 2182 1079 2206 in
1105 2181 1201 2206 ceteris
1228 2182 1362 2206 codicibus
1389 2182 1434 2212 (cs.
1461 2181 1523 2205 Em-

312 2226 379 2258 perii
399 2234 421 2256 p.
438 2226 490 2256 81).

345 2265 372 2296 5)
391 2266 446 2294 Qua
465 2265 496 2289 de
516 2272 544 2288 re
563 2264 632 2288 infra
650 2266 760 2288 acturus
778 2271 856 2288 sum:
874 2271 930 2294 cap.
950 2262 990 2286 1v.
1010 2262 1022 2293 ἓ
1042 2260 1066 2284 1.

345 2304 374 2335 6)
392 2305 444 2328 Hoc
463 2305 494 2328 de
513 2304 568 2327 loco
586 2303 648 2328 Geel
670 2304 723 2335 egit
741 2304 772 2328 ad
791 2311 815 2335 p.
834 2303 905 2327 449³.
