1673 2768
708 333 769 362 133

130 430 249 463 eorum,
275 432 356 463 quae
379 434 396 453 a
421 426 451 454 te
475 424 559 454 dicta
583 427 667 463 sunt,
691 424 923 465 responderem.
949 424 1069 455 Verum
1094 426 1126 456 id
1147 425 1249 457 facere
1263 427 1344 463 nolo,

131 487 170 508 ne
205 488 254 509 me
278 483 332 509 aut
356 480 516 520 ingratum
541 484 596 511 aut
620 481 810 521 pertinacem
832 484 887 511 aut
912 490 951 511 ex
979 490 1088 512 eorum
1115 492 1249 513 numero
1274 492 1344 513 esse

129 538 230 575 putes,
262 535 317 575 qui
349 537 616 567 contradicentem
641 537 722 568 ferre
746 540 913 578 nequeant.
937 537 1039 568 Immo
1065 539 1109 568 sic
1134 548 1209 579 rogo
1234 539 1343 569 existi-

130 600 205 631 mes,
237 594 343 632 optare
368 602 417 623 me
442 596 476 623 ut
501 599 539 632 te,
564 603 658 634 quem
684 597 718 624 ut
744 594 846 624 virum
871 597 901 624 et
925 594 1192 625 humanissimum
1217 598 1247 625 et
1271 595 1343 625 doc-

128 649 285 679 tissimum
323 652 353 679 et
384 649 421 679 de
444 649 556 680 litteris
581 651 721 691 antiquis
744 651 981 681 meritissimum
1006 660 1046 681 ex
1071 651 1177 681 animo
1202 661 1343 691 veneror,

131 714 193 734 non
228 705 394 735 inimicum
420 705 559 736 habeam.
584 708 633 737 Ac
656 706 800 747 fortasse,
825 707 851 738 si
877 707 954 737 mihi
977 717 1097 737 annum
1123 709 1229 747 agenti
1251 708 1343 748 quin—

129 764 196 791 tum
237 764 267 792 et
303 763 571 802 septuagesimum
609 763 729 803 aliquid
765 764 831 804 spei
866 764 1012 794 relictum
1048 767 1105 804 est,
1140 764 1233 794 etiam
1273 765 1342 794 vivo

129 818 292 858 continget
326 828 343 848 a
379 818 518 858 Batavis,
543 820 627 860 quod
653 820 727 850 olim
753 820 885 860 contigit
908 830 925 850 a
949 819 1123 858 Britannis,
1148 823 1182 850 ut
1207 820 1342 861 depone·

129 878 199 905 rent
223 875 400 906 simultates
425 876 529 916 qua(s)
556 885 605 907 me
629 886 731 916 aequo
755 877 860 906 animo
884 876 964 907 ferre
989 876 1243 907 viderent....‘'.

174 987 191 1025 ξ
236 987 264 1016 3.
308 986 412 1017 Facile
451 987 646 1028 intellegitur
682 987 824 1018 Geelium
862 998 925 1018 non
962 997 1086 1028 semper
1121 987 1342 1019 Valckenaerii

129 1046 234 1082 partes
259 1043 359 1083 sequi,
384 1044 460 1083 quin
487 1045 579 1074 etiam
604 1054 677 1075 cum
703 1044 887 1075 Hermanno
912 1044 1071 1075 interdum
1087 1047 1195 1075 contra
1208 1044 1343 1076 Valcke-

131 1100 274 1129 naerium
310 1099 422 1139 facere,
458 1101 612 1140 imprimis
635 1101 666 1131 in
692 1110 725 1131 re
750 1103 887 1140 metrica,
913 1100 967 1131 ubi
992 1100 1189 1131 Valckenaer
1213 1102 1342 1132 omnino

130 1154 168 1185 ab
211 1165 247 1186 eo
290 1156 477 1196 neglegitur.
520 1156 605 1197 Loci,
650 1157 768 1198 quibus
812 1157 887 1188 Geel
932 1161 1040 1188 eontra
1078 1157 1341 1188 Valckenaerium

128 1221 200 1242 cum
237 1210 424 1243 Hermanno
456 1215 643 1253 consentiat,
679 1214 770 1254 pauci
807 1217 882 1245 sunt
917 1217 948 1244 et
979 1223 1088 1244 omnes
1122 1214 1252 1245 minoris
1277 1224 1341 1244 mo-

128 1269 243 1307 menti3
269 1272 405 1300 attamen
432 1270 603 1300 nonnullos
629 1269 836 1300 enumerabo:
864 1280 909 1301 vs.
925 1270 1135 1309 50(„doctius
1149 1269 1341 1301 vocabulum

127 1334 197 1355 raro
233 1325 358 1366 vulgari
389 1326 666 1366 substitui(tur)'’),
691 1336 737 1358 vs.
765 1327 836 1363 344,
860 1337 903 1357 vs.
930 1327 993 1356 403
1018 1326 1095 1367 (quo
1119 1326 1188 1357 loco
1213 1326 1288 1358 Geel
1312 1330 1342 1358 et

127 1381 198 1412 aliis
223 1384 419 1422 argumentis
445 1384 558 1413 nititur
581 1386 611 1413 et
635 1383 752 1422 eodem,
778 1393 840 1424 quo
866 1393 944 1414 usus
969 1386 1035 1414 erat
1058 1382 1341 1423 Hermann,cuius

127 1441 232 1469 tamen
259 1457 297 1460 —
324 1441 433 1469 contra
468 1448 585 1469 morem
621 1448 717 1469 suum
744 1458 782 1461 —
810 1448 923 1470 nomen
956 1449 1020 1469 non
1052 1439 1162 1479 affert),
1194 1449 1241 1470 vs.
1267 1440 1343 1478 474,

128 1504 173 1525 vs.
202 1495 285 1525 1305
310 1494 423 1533 (³0:3³2ss
447 1504 502 1535 per
525 1505 558 1526 se
582 1495 720 1536 positum
746 1505 922 1536 numquam
947 1495 1125 1536 significatt)
1150 1495 1340 1527 hodiernum

128 1551 209 1581 diem
242 1554 297 1582 aut
329 1561 478 1592 praesens
510 1551 678 1592 tempus'⁷),
703 1561 749 1582 vs.
776 1552 867 1582 1317.
894 1551 953 1582 His
978 1552 1056 1582 locis
1080 1552 1250 1592 adiungam
1276 1562 1340 1592 eos,

128 1608 246 1648 quibus
271 1608 346 1638 Geel
372 1609 438 1648 ipse
463 1609 531 1639 suis
554 1609 752 1648 argumentis
776 1608 997 1639 Valckenaerii
1017 1609 1197 1649 opinionem
1220 1618 1340 1650 oppug-

128 1664 224 1694 navit.
263 1663 375 1704 Neque
410 1664 441 1694 hi
479 1668 555 1695 sunt
590 1665 690 1695 multi.
725 1664 862 1696 Afferam
902 1665 1053 1706 quinque,
1089 1674 1169 1705 quos
1203 1665 1340 1696 alicuius

128 1722 280 1751 momenti
305 1724 390 1761 puto.

172 1777 227 1808 Vs.
267 1778 329 1807 184
353 1777 591 1808 Weckleiniana
615 1778 710 1809 editio
735 1777 1000 1809 Valckenaerium
1025 1780 1133 1809 secuta
1157 1788 1197 1809 ex
1221 1778 1339 1809 scholio

128 1835 263 1875 sumpsit
288 1834 523 1872 myxanyoplxv,
548 1834 623 1865 Geel
644 1838 750 1865 autem
772 1834 924 1865 librorum
939 1835 1105 1865 lectionem
1120 1834 1339 1873 μεγαλκνορίκν

128 1891 282 1922 defendit:
321 1890 539 1929 ,asyma-accim
575 1891 633 1922 hoc
666 1891 734 1922 loco
766 1901 828 1921 non
855 1901 924 1922 esse
948 1891 1261 1931 magniloquentiam,
1285 1891 1339 1922 sed

127 1958 277 1988 magnum
314 1948 391 1988 quid
421 1947 557 1978 faciendi
589 1948 717 1978 nimiam
743 1947 936 1988 cupidinem,
962 1948 1013 1978 cui
1039 1946 1184 1986 ὑπεράνωρ
1209 1948 1340 1988 pulchre

127 2004 297 2041 adiciatur;
334 2004 523 2035 insolentius
560 2003 752 2034 vocabulum
788 2014 806 2034 a
840 2003 968 2034 librario
1003 2013 1059 2044 pro
1092 2005 1192 2044 magis
1216 2004 1339 2044 vulgari

127 2062 264 2102 positum
291 2070 359 2092 esse
383 2070 445 2091 non
471 2070 540 2091 esse
566 2060 746 2091 verisimile.
773 2060 826 2091 Vs.
853 2060 914 2090 946
937 2064 1104 2100 suspectus
1125 2060 1184 2091 fuit
1205 2060 1338 2092 Valcke-

128 2118 251 2156 naerio3
300 2118 346 2157 „si
388 2117 520 2157 abesset,
564 2117 668 2158 inquit
710 2116 794 2156 Geel,
838 2126 960 2156 versus,
997 2116 1163 2157 cogitando
1199 2117 1339 2157 suppleri

128 2174 278 2205 deberent
314 2184 395 2215 quae
430 2184 517 2204 nunc
553 2173 734 2214 explicandi
766 2183 861 2204 causa
893 2173 980 2204 addit
1011 2173 1189 2204 Vates....
1213 2173 1339 2205 Maneat

128 2239 249 2270 versus,
274 2231 329 2270 qui
354 2231 380 2261 si
404 2230 627 2270 intercidisset,
647 2239 711 2260 non
732 2228 984 2260 desideraretur”
1002 2227 1035 2269 ¹).
1048 2229 1102 2260 Vs.
1119 2229 1180 2259 998
1194 2229 1339 2261 Barnesii

161 2352 187 2384 1)
206 2353 281 2377 Hunc
300 2360 407 2376 versum
425 2353 476 2376 iam
495 2353 572 2377 attuli
592 2360 616 2383 p.
634 2352 691 2376 12⁵2.
712 2352 876 2377 Weckleiuio
894 2359 999 2382 quoque
1018 2355 1054 2375 est
1071 2354 1219 2382 suspectus.
1229 2351 1337 2375 Minime
