1673 2768
839 290 880 319 24

255 383 358 413 adhuc
394 383 444 413 det
476 383 657 422 insuperata
689 392 747 412 sua
780 384 944 422 praecepta
968 384 998 412 et
1022 381 1176 421 exempla,
1200 382 1285 422 quod
1310 382 1467 422 imprimis

255 439 450 470 demonstrat
482 439 520 469 de
551 438 720 469 comoedia.
745 437 823 469 Fere
848 438 949 468 doluit
974 437 1076 468 medio
1101 447 1178 468 aevo
1202 437 1316 469 Latina
1340 447 1469 479 quoque

256 505 349 536 opera
373 495 492 526 detecta
516 504 593 526 esse.
622 494 684 534 „Er
709 494 841 535 schijnt''
868 512 906 516 —
932 495 975 524 ita
997 493 1107 524 scribit
1122 493 1143 532 1)
1165 513 1205 516 -
1229 504 1326 534 „eene
1339 495 1470 526 zonder-

256 553 342 593 linge
370 551 512 583 vastheid
536 552 568 581 in
594 551 655 582 den
681 554 778 592 typus
804 551 858 581 der
883 550 965 581 oude
990 550 1184 591 beschaving
1207 554 1237 582 te
1257 551 1373 592 liggen,
1397 551 1469 582 dien

257 609 324 639 vier
353 617 483 639 eeuwen
516 618 576 638 van
603 608 654 639 het
675 608 806 648 jongere
842 606 867 637 E
882 616 1026 647 uropa
1063 616 1126 648 nog
1150 607 1215 638 niet
1240 607 1364 639 hebben
1389 608 1470 638 kun-

258 674 318 695 nen
344 664 555 704 verbrijzelen.
582 682 620 686 —
647 663 695 694 En
722 664 781 694 wie
806 666 893 702 weet,
915 663 974 694 1108
995 662 1063 694 veel
1084 664 1190 704 taaijer
1203 664 1255 694 het
1268 673 1331 705 nog
1343 664 1470 695 houden

257 731 327 760 zou,
349 720 457 751 indien
482 720 520 751 de
543 719 731 750 snuffelaars
757 719 812 750 der
836 719 1017 750 veertiende
1041 729 1081 751 811
1104 719 1264 760 vithiende
1286 729 1375 751 eeuw
1389 721 1471 751 niets

258 777 318 807 dan
345 776 516 807 Grieksche
539 776 765 816 perkamenten
784 775 951 816 gevonden
966 775 1107 814 hadden,
1122 776 1230 807 indien
1244 776 1282 807 de
1294 776 1472 816 Latijnsche

258 833 318 863 taal
354 842 392 863 en
429 833 595 863 literatuur
629 832 738 872 geheel
775 832 919 863 verloren
952 835 1090 872 geweest
1122 842 1239 872 waren,
1262 833 1371 864 indien
1396 833 1472 865 deze

259 890 334 920 door
358 889 395 920 de
419 888 613 919 rhetorische
637 888 737 928 kleur,
761 888 820 928 die,
844 898 920 919 over
940 889 1016 919 haar
1027 889 1166 929 gansche
1181 898 1287 920 wezen
1301 890 1473 930 verspreid,

259 955 315 977 een
350 945 518 976 historisch
549 945 664 986 gevolg
689 955 748 975 van
773 945 825 976 het
849 945 1034 976 volksleven
1059 945 1113 976 der
1136 944 1310 977 Romeinen
1336 949 1474 987 geweest

260 1012 333 1041 was,
364 1011 423 1032 aan
456 1004 509 1032 het
539 1001 711 1032 herlevend
745 1000 771 1031 E
786 1011 931 1042 uropa
966 1002 1033 1032 niet
1065 1002 1208 1032 terstond
1232 1002 1322 1033 reeds
1346 1002 1473 1043 geleerd

260 1058 384 1088 hadden
409 1058 441 1088 in
467 1057 505 1088 de
528 1057 697 1097 voordragt
721 1067 785 1098 nog
810 1067 903 1097 meer,
928 1068 991 1098 nog
1015 1058 1083 1089 veel
1107 1068 1193 1089 meer
1217 1062 1248 1089 te
1268 1059 1390 1099 leggen,
1411 1059 1472 1089 dan

262 1114 313 1144 het
338 1113 483 1153 innerlijk
507 1113 616 1154 gevoel
642 1113 696 1144 der
721 1113 880 1144 waarheid
900 1114 1047 1154 insprak;
1069 1114 1177 1145 indien
1199 1115 1235 1154 zij
1251 1114 1289 1145 de
1302 1114 1474 1146 Grieksche

264 1170 441 1208 literatuur,
465 1170 542 1200 wier
566 1169 655 1200 echte
679 1170 852 1201 onnoozele
875 1173 963 1211 geest
987 1171 1024 1210 is,
1060 1180 1089 1201 m
1105 1170 1183 1202 ede
1218 1174 1259 1202 te
1290 1171 1475 1210 deelen,

261 1227 326 1257 niet
363 1225 504 1256 terstond
541 1225 705 1267 vergezeld
742 1226 865 1257 hadden
899 1229 963 1258 met
994 1227 1031 1258 de
1055 1227 1195 1268 prikkels
1220 1237 1259 1258 en
1284 1227 1472 1259 hefboomen

261 1283 351 1313 harer
374 1281 599 1322 redekunstige
623 1281 789 1313 sieraden’'
805 1280 836 1321 2).

304 1338 364 1369 Hic
388 1341 573 1379 reputemus
598 1348 685 1369 nunc
709 1338 839 1369 clamari
863 1349 881 1370 a
905 1340 1014 1370 multis
1038 1339 1125 1370 illam
1146 1340 1299 1381 linguam,
1311 1343 1473 1381 tamquam

260 1395 415 1434 inutilem,
440 1395 561 1426 discere
584 1399 710 1426 nostrae
734 1396 895 1426 iuventuti
921 1406 983 1426 non
1010 1397 1071 1426 iam
1098 1406 1178 1437 opus
1203 1397 1288 1427 esse!

306 1451 379 1482 Geel
406 1451 534 1482 modum
559 1452 711 1490 excessit3
737 1455 875 1483 attamen
900 1453 927 1483 si
951 1452 1132 1494 eligendum
1159 1456 1250 1492 esset,
1275 1453 1360 1494 quod
1385 1463 1476 1494 nego,

262 1511 331 1538 utra
355 1508 464 1548 lingua
487 1509 519 1538 in
544 1508 677 1539 exilium
702 1509 770 1548 iret,
795 1518 852 1549 ego
876 1518 1005 1550 quoque
1030 1509 1154 1540 mallem
1177 1510 1313 1541 retinere
1332 1509 1474 1551 linguam

262 1563 401 1603 Homeri,
425 1564 597 1604 Sophoclis,
621 1564 772 1596 Platonis.

306 1619 486 1661 Disputatio
517 1621 555 1652 de
583 1621 745 1653 comoedia
769 1621 964 1653 Graecorum
989 1622 1050 1653 fuit
1074 1622 1233 1663 praelusio
1257 1622 1388 1654 alterius
1413 1623 1474 1654 dis-

263 1678 445 1718 putationis,
478 1687 541 1718 qua
573 1681 704 1709 acturus
735 1681 801 1710 erat
833 1678 907 1710 Geel
940 1679 978 1710 de
1002 1679 1164 1710 comoedia
1188 1679 1308 1710 Batava
1323 1678 1354 1719 ³),
1378 1689 1473 1720 quam

262 1736 366 1764 tamen
392 1727 578 1774 numquam,
602 1735 687 1775 quod
711 1735 818 1775 sciam,
843 1736 986 1766 recitavit
1011 1744 1115 1776 neque
1139 1735 1246 1766 edidit.

308 1790 365 1820 Illa
396 1791 464 1821 sine
495 1791 586 1821 initio
617 1795 646 1822 et
669 1791 732 1822 fine
756 1792 921 1823 nonnullis
945 1793 1062 1833 passim
1088 1793 1120 1822 111
1146 1792 1272 1833 reliqua
1295 1795 1383 1833 parte
1407 1803 1476 1824 mu·

263 1847 336 1876 tatis
374 1847 421 1877 vel
454 1847 569 1877 additis
601 1848 765 1878 invenitur
788 1848 821 1878 in
846 1848 937 1887 libro,
961 1849 1013 1879 cui
1037 1858 1152 1880 nomen
1177 1852 1240 1880 est:
1269 1848 1476 1888 „Onderzoek

263 1911 299 1932 en
326 1902 526 1943 Phantasie'',
551 1903 610 1934 sub
635 1904 743 1935 titulo:
773 1904 856 1943 „Het
880 1904 1001 1946 blijspel
1025 1905 1063 1946 bij
1090 1905 1128 1936 de
1153 1905 1312 1937 Grieken”
1328 1905 1361 1944 ⁴).

300 2030 324 2061 1)
342 2031 376 2055 l.l.
396 2038 419 2061 p.
442 2030 498 2055 392.

297 2071 322 2099 2)
343 2071 461 2094 Geelium
489 2071 620 2095 Romanos
647 2079 698 2095 non
726 2079 884 2103 magnopere
911 2072 1034 2096 dilexisse
1058 2075 1168 2103 apparet
1187 2078 1220 2096 ex
1239 2072 1352 2103 epistula
1370 2073 1428 2096 eius
1445 2073 1476 2097 ad

264 2111 437 2134 Ritschelium
464 2111 523 2133 data
550 2111 712 2140 (asservatur
732 2112 758 2135 in
777 2112 881 2135 scriniis
900 2111 1028 2135 Praefecti
1053 2112 1176 2136 Biblioth.
1196 2111 1375 2143 Lugd.-Bat.>:
1395 2112 1476 2144 „Jetzt

264 2150 345 2173 sehen
369 2149 419 2179 sie,
440 2157 490 2173 was
509 2149 550 2173 Sie
569 2151 616 2173 auf
634 2150 703 2174 mich
726 2151 873 2182 vermogen,
892 2153 917 2174 et
935 2153 1098 2181 quantopere
1121 2154 1146 2175 te
1165 2158 1251 2175 amem
1271 2151 1300 2182 (i.
1311 2158 1332 2174 e.
1353 2151 1406 2175 und
1427 2151 1476 2176 wie

265 2189 305 2213 ich
334 2189 375 2212 Sie
394 2189 471 2219 118118)
491 2196 555 2220 ganz
574 2190 626 2213 und
645 2198 691 2221 gar
709 2190 853 2221 adaequate
872 2190 1042 2214 Ausdriicke!
1063 2198 1114 2214 nur
1133 2191 1224 2215 hatten
1243 2191 1284 2214 die
1305 2190 1476 2215 stocksteifen

266 2229 361 2251 Homer
385 2228 429 2251 das
455 2236 575 2252 amare
603 2230 652 2253 viel
671 2237 702 2253 zu
722 2230 811 2261 liaufig
831 2230 867 2253 im
887 2230 984 2254 Munde
1004 2238 1050 2254 um
1068 2238 1095 2254 es
1114 2231 1210 2254 immer
1229 2233 1276 2262 gut
1293 2238 1324 2254 zu
1345 2230 1477 2255 meinen”.

299 2267 325 2293 3)
344 2267 381 2291 Cf.
400 2268 434 2291 l.l.
455 2275 476 2297 p.
495 2267 542 2291 369
560 2276 606 2298 sq.,
624 2268 680 2292 39⁴2.

300 2307 328 2337 4)
347 2307 430 2330 Editio
458 2307 549 2337 prima,
576 2315 598 2331 a.
616 2307 687 2338 1835,
707 2316 731 2339 p.
750 2308 798 2332 ⁴273
816 2316 853 2339 sq,
873 2312 962 2333 notam
981 2309 1088 2333 exhibet
1106 2317 1120 2333 a
1137 2309 1278 2334 Woltersio
1298 2312 1387 2340 postea
1404 2312 1476 2334 recte
