1673 2768
691 308 731 337 59

145 399 369 439 Symbolarum
407 401 542 432 editores
574 401 732 431 volumini
764 403 876 440 quarto
900 400 1124 440 praefationem
1151 401 1316 440 praemise-

101 460 186 496 runt,
218 457 251 486 in
280 466 343 497 qua
367 466 438 487 cum
465 458 536 487 aliis
561 458 759 497 argumentis
784 460 852 487 tum
878 457 936 487 boc
961 466 994 487 se
1019 456 1243 486 defenderunt:
1272 457 1317 494 „si

102 511 186 542 Ger
201 522 229 542 m
244 513 318 542 ani
351 512 399 542 vel
424 512 505 543 Fra
519 523 538 543 n
552 522 568 543 c
582 523 662 553 oga
676 513 731 543 lli
756 512 899 553 publicos
919 513 951 542 in
973 513 1073 552 patria
1095 515 1199 542 nostra
1221 511 1316 550 Gym-

100 569 263 599 nasiorum
308 568 462 608 doctores,
494 570 549 610 qui
585 569 829 608 Symbolas
862 568 1040 608 conferunt,
1064 568 1102 598 ab
1128 567 1317 598 Academiae

100 624 325 665 Lugdunensis
354 625 600 665 professoribus,
625 625 679 665 qui
704 624 729 654 B
743 625 753 654 i
768 624 785 654 b
800 624 863 654 lio
877 624 920 654 th
935 633 951 654 e
964 633 980 654 c
993 634 1011 654 a
1025 633 1054 654 m
1092 623 1114 653 C
1128 624 1164 653 ri
1179 627 1189 653 t
1202 624 1212 652 i
1227 633 1242 653 c
1256 633 1273 652 a
1287 633 1316 653 m

100 680 278 720 ediderunt,
314 690 377 711 non
415 682 491 711 satis
523 681 734 721 distinguunt,
770 690 833 711 non
870 684 917 711 est
948 680 1032 720 quod
1059 680 1129 720 quis
1154 682 1317 720 propterea

101 747 120 766 n
135 746 152 767 o
166 736 184 767 b
198 738 207 767 i
221 747 235 767 s
269 737 475 778 indignetur''
493 736 522 775 1).

143 793 181 823 Iu
215 793 323 831 diario,
360 794 411 824 cui
448 803 564 824 nomen
603 797 650 824 est
689 794 746 832 „de
778 792 887 832 Gids”,
909 803 935 823 a.
963 793 1045 823 1841
1068 792 1143 823 Geel
1165 792 1202 823 de
1228 792 1316 822 volu-

101 850 185 880 mine
219 849 274 880 IV.
310 850 537 889 Symbolarum
569 850 721 880 iudicavit
736 848 777 887 2);
807 850 948 880 laudavit
973 859 1054 890 quae
1078 848 1184 879 Ekker
1207 853 1316 878 contra

98 905 315 937 Thierschium
356 907 394 937 de
428 907 606 947 gymnasiis
640 907 749 947 patriis
781 908 950 946 scripserat
965 904 1003 944 3);
1039 905 1260 936 animadvertit
1283 905 1316 934 in

100 963 140 992 A.
164 962 203 993 de
226 962 357 1003 Jonghii
394 962 659 1001 „Observationes
690 963 729 993 ad
762 963 916 1003 quaedam
942 963 1010 993 loca
1035 961 1216 993 veterum'’:
1245 961 1317 999 „het

99 1019 126 1049 is
162 1019 226 1049 niet
263 1019 416 1060 mogelijlr,
453 1029 503 1050 zes
536 1019 774 1050 hoofd-auteurs
806 1019 959 1059 zoodanig
983 1018 1102 1049 binnen
1129 1022 1158 1048 te
1183 1017 1316 1056 hebben,

100 1075 151 1105 dat
187 1084 258 1105 men
295 1075 332 1106 de
367 1076 585 1116 geschiedenis
622 1076 748 1106 hunner
772 1075 894 1106 teksten
920 1078 965 1106 tot
989 1085 1028 1115 op
1053 1075 1112 1105 den
1139 1074 1199 1114 dag
1222 1074 1314 1111 kent3

99 1131 150 1162 dat
186 1141 257 1162 men
292 1141 515 1172 gemeenzaam
550 1132 718 1172 geworden
754 1133 781 1162 is
818 1135 881 1162 met
912 1132 950 1162 de
981 1131 1228 1161 individualiteit
1255 1140 1312 1160 van

99 1188 231 1218 hunnen
268 1188 337 1228 stijl,
374 1198 413 1219 en
451 1192 513 1219 met
548 1189 645 1219 dezen
682 1190 815 1229 eenigen
852 1187 1001 1219 maatstaf
1021 1189 1073 1219 het
1097 1187 1232 1218 verschil
1260 1187 1315 1217 der

98 1244 243 1284 lezingen
267 1253 306 1275 en
332 1244 370 1275 de
393 1244 508 1275 kritiek
533 1255 593 1275 van
617 1245 755 1276 anderen
778 1245 1044 1283 beoordeelen,en
1059 1243 1208 1275 zelfeene
1233 1243 1312 1283 blij—

100 1300 233 1331 vende
259 1301 420 1341 uitspraak
446 1302 526 1332 doen
548 1300 632 1332 kan”
648 1301 685 1340 ⁴),
710 1301 748 1332 de
769 1302 1042 1340 commentatione,
1062 1311 1158 1341 quam
1171 1300 1313 1341 Epkema

97 1357 338 1397 conscripserat,
362 1358 503 1389 iudicare
528 1359 649 1396 omisit;
676 1358 812 1389 eundem
838 1367 912 1389 vero
936 1359 1053 1388 iratum
1078 1358 1126 1396 iis,
1141 1366 1223 1397 quae
1237 1356 1313 1387 Geel

98 1413 321 1444 observaverat
352 1415 384 1444 in
418 1415 524 1454 diario,
550 1415 635 1455 quod
659 1414 847 1445 inscribitur
874 1414 964 1455 ‚,A1g.
988 1413 1105 1444 Konst-
1130 1423 1168 1444 en
1194 1413 1312 1444 Letter-

98 1469 208 1509 bode'‘,
232 1471 281 1501 his
305 1470 432 1501 duobus
457 1471 620 1502 vocabulis
645 1472 822 1502 sevocavit:
851 1471 941 1510 „Wel
966 1469 1145 1511 Epkema!’'
1161 1471 1192 1507 ⁵).

141 1526 177 1556 In
209 1530 350 1558 extremo
383 1527 500 1558 iudicio
526 1529 572 1558 sic
596 1529 764 1568 scriptores
789 1528 972 1558 cohortatus
996 1530 1060 1557 est:
1089 1526 1171 1565 „Het
1195 1526 1312 1557 Vierde

97 1582 174 1613 Deel
206 1586 287 1614 staat
311 1583 412 1615 boven
437 1584 490 1615 het
514 1583 626 1615 Derde.
651 1584 799 1614 Waarom
824 1594 885 1614 zou
910 1593 967 1614 een
992 1583 1096 1623 Vijfde
1119 1584 1186 1614 niet
1210 1582 1311 1613 boven

97 1639 152 1670 her
183 1639 300 1670 Vierde
330 1641 460 1671 kunnen
494 1640 608 1671 staan?
642 1640 700 1681 Wij
736 1641 851 1671 bidden
877 1641 915 1671 de
939 1640 1197 1681 meergeoefende
1220 1639 1311 1670 leden

97 1695 152 1726 der
186 1695 419 1736 Societas,
455 1697 507 1728 dat
530 1699 566 1737 zij
592 1698 784 1728 toeschieten
809 1707 847 1728 en
873 1707 930 1728 een
955 1697 1069 1737 handje
1094 1696 1237 1737 helpen''.

141 1752 299 1784 Volumen
324 1753 362 1783 V.
386 1763 497 1785 revera
521 1754 627 1785 Geelio
653 1755 753 1795 magis
779 1754 936 1795 placuisse
959 1757 1089 1795 apparet
1112 1763 1152 1784 ex
1176 1753 1311 1794 epistula

97 1808 135 1839 ad
160 1808 313 1841 Cobetum
339 1810 410 1841 data
425 1810 455 1849 6).

142 1919 178 1951 D.
205 1921 243 1951 16
265 1931 304 1952 m.
329 1921 394 1952 Ian.
419 1932 444 1952 a.
470 1923 555 1953 1838
579 1923 628 1962 iis,
652 1924 707 1963 qui
733 1923 878 1963 diarium,
903 1923 955 1953 cui
979 1932 1094 1953 nomen
1122 1923 1180 1962 „de
1202 1921 1310 1961 Gids’',

96 1977 255 2008 edendum
279 1978 440 2018 curabant,
465 1978 539 2010 Geel
564 1980 689 2020 scripsit
713 1979 773 2010 sibi
797 1979 1009 2010 recusandum
1035 1989 1113 2019 esse,
1137 1980 1310 2021 quominus

128 2135 155 2166 1)
175 2143 198 2166 p.
218 2136 271 2160 VII.

128 2174 155 2205 2)
174 2183 198 2206 p.
217 2174 357 2200 133—145.

128 2213 156 2243 3>
174 2222 198 2245 p.
217 2214 273 2245 136,
290 2214 346 2239 137.

129 2253 155 2284 4)
175 2261 199 2284 p.
217 2253 274 2278 143.

128 2292 154 2321 5)
174 2301 198 2324 p.
216 2293 272 2318 145.

129 2331 155 2361 6)
175 2332 302 2363 „Brieven
324 2341 370 2357 van
391 2334 470 2359 Cobet
490 2343 537 2359 ann
558 2336 636 2360 Geel'·
656 2345 680 2368 p.
697 2337 753 2362 406.
