1673 2768
732 246 789 275 151

152 336 223 374 lata,
259 335 424 377 Olympico
456 338 587 368 inferior
612 341 666 368 est.
692 337 752 368 Sed
776 338 845 368 eius
867 338 1015 369 editionis
1040 340 1118 369 ratio
1144 342 1173 370 et
1196 340 1363 370 consilium

153 393 213 423 alia
237 397 319 423 sunt.
343 393 417 424 Fuit
441 395 525 424 enim
550 398 712 434 tamquam
738 394 897 424 dimicatio
922 398 1073 434 perpetua
1097 399 1192 435 atque
1218 396 1365 426 universa

152 450 235 479 inter
270 448 426 487 Scholam,
462 460 543 490 quae
580 454 710 481 vocatur
746 449 919 488 Leidensis,
955 454 984 481 et
1009 451 1184 491 philologos
1209 452 1362 491 quosdam

153 504 336 536 Germanos.
362 505 505 536 Geelium
531 506 751 537 Valckenaerii
776 507 926 537 honorem
951 510 1047 547 atque
1059 508 1191 547 gloriam
1207 518 1223 537 a
1238 508 1272 537 G.
1286 507 1364 538 Her-

153 563 269 600 manni,
293 561 418 600 Klotzii‚
443 563 575 593 aliorum
601 563 836 593 invectionibus
861 566 928 593 tuta
952 563 1129 594 reddidisse
1153 564 1235 594 inter
1257 573 1366 594 omnes

153 620 275 648 constat
293 616 331 659 ¹).

198 672 299 709 Quam
331 684 424 715 saepe
448 678 478 705 et
503 685 566 715 quo
591 675 684 705 modo
710 675 784 706 Geel
809 676 942 716 eiusque
969 677 1062 706 amici
1087 676 1147 706 iam
1174 678 1265 706 antea
1290 675 1365 706 Ger-

154 739 319 760 manorum
356 731 583 762 nonnullorum
619 732 772 771 impetum
809 735 838 762 et
876 731 1057 772 superbiam
1085 732 1367 772 propulsavissent,

153 787 185 816 in
210 788 311 826 prima
335 787 489 827 Sectione‚
514 789 683 828 praecipue
706 789 737 817 in
763 797 798 818 ea
823 794 918 828 parte,
943 798 1006 828 qua
1019 788 1057 818 de
1070 788 1367 819 Hemsterhusianis

154 847 183 873 et
218 843 256 873 de
290 843 486 874 Bibliotheca
523 844 635 874 Critica
671 843 762 874 Nova
800 845 957 885 agendum
996 848 1071 884 erat,
1107 844 1238 875 ostendi.
1270 843 1366 874 Recte

153 902 257 930 tamen
284 900 438 940 praevidit
466 901 676 940 „suspicionis
700 901 768 931 loco
793 901 918 931 tandem
944 904 1174 938 succe(ssuram
1197 903 1278 937 esse)
1299 910 1366 930 mu-

154 957 265 994 tua(m)
292 957 507 996 volunta(tem)
531 958 721 996 virtutisque
733 966 769 987 ac
782 960 865 987 recte
877 957 1011 987 faciendi
1025 955 1318 996 aemulatio(nem)‘’
1335 954 1367 993 ²).

154 1012 220 1042 Iam
257 1012 322 1043 fere
353 1023 377 1043 a.
415 1014 496 1043 1840
521 1014 659 1043 amicitia
684 1017 713 1044 et
739 1013 948 1043 similitudine
973 1014 1150 1043 studiorum
1176 1014 1367 1043 coniunctus

155 1073 220 1099 erat
254 1079 324 1099 cum
363 1069 592 1100 Germanorum
628 1070 704 1100 viris
736 1070 938 1108 doctissimis,
964 1070 1073 1110 quales
1098 1073 1186 1100 erant
1213 1069 1367 1107 Welcker,

153 1124 288 1164 Naeoke,
307 1125 472 1164 Dindorfii,
494 1126 620 1166 Emper,
634 1126 864 1163 Schneidewin,
878 1125 1014 1166 Madvig,
1027 1125 1159 1163 Ritschl,
1173 1125 1368 1163 Lachmann,

154 1181 306 1219 MeinekQ
342 1182 446 1223 Bergk
461 1181 494 1222 ³),
531 1193 668 1223 quorum
705 1183 757 1212 alii
793 1182 932 1219 Scholae,
969 1192 1049 1223 quae
1085 1186 1215 1212 vocatur
1239 1181 1366 1220 Critica,

154 1238 206 1268 alii
231 1239 309 1276 eius,
334 1248 415 1278 quae
439 1238 597 1269 Historica
619 1239 743 1277 dicitur,
768 1239 905 1269 asseclae
929 1238 1069 1269 fuerunt.

188 1354 214 1383 1)
232 1355 268 1379 Cf.
286 1355 352 1380 Sect.
372 1356 415 1380 ΙΙΙ.
435 1363 458 1386 p.
480 1355 527 1379 118
548 1363 603 1386 sqq.

185 1393 213 1422 2)
231 1394 267 1419 Cf.
295 1395 360 1418 Bibl.
387 1402 423 1418 cr.
451 1402 508 1418 nov.
537 1395 585 1417 vol.
615 1394 643 1417 lI.
671 1401 694 1425 p,
714 1393 770 1418 319.
790 1394 954 1422 Quibuscum
972 1394 1142 1418 consentiunt
1161 1401 1228 1424 quae
1247 1392 1368 1417 Niebuhr

153 1435 177 1458 d.
196 1433 226 1457 13
246 1442 279 1457 m.
300 1434 374 1457 Febr.
393 1441 414 1457 a.
434 1432 497 1457 1827
517 1434 605 1457 Geelio
625 1434 731 1464 scripsit
749 1434 874 1465 (epistula
894 1436 1045 1457 asservatur
1064 1434 1091 1457 in
1111 1433 1250 1457 Tabulario
1270 1432 1367 1456 Biblio-

155 1474 246 1498 thecae
273 1473 429 1503 Leidensis):
458 1473 545 1502 „Vous
572 1481 613 1496 me
640 1473 747 1501 eroirez,
771 1473 892 1503 j‘espere‚
919 1480 978 1496 sans
1005 1472 1142 1502 distic-ulte,
1168 1479 1219 1502 que
1236 1472 1263 1502 je
1282 1471 1367 1494 desire

153 1513 286 1536 vivement
304 1513 335 1536 de
356 1513 410 1536 voir
429 1513 546 1536 s'etablir
563 1515 639 1536 entre
659 1513 696 1536 les
715 1513 879 1543 pliilologues
898 1512 944 1536 des
963 1512 1031 1536 deux
1052 1519 1114 1543 pays
1132 1512 1177 1535 des
1197 1513 1318 1542 rapports
1336 1511 1367 1534 de

153 1553 342 1577 bienveillance
361 1556 386 1576 et
402 1553 433 1576 de
452 1551 671 1583 predilection(?)
695 1552 832 1582 mutuelle,
850 1554 875 1575 et
894 1559 945 1582 que
961 1551 988 1581 je
1007 1552 1061 1575 suis
1079 1551 1187 1582 indigne
1208 1551 1253 1574 des
1271 1552 1367 1581 imper·

152 1593 272 1616 tinences
297 1592 396 1622 qu'une
423 1592 552 1615 tendance
576 1592 686 1622 opposee
711 1591 810 1621 inspire
828 1592 841 1615 a
860 1591 975 1615 eertains
992 1591 1152 1615 Allemands.
1170 1590 1310 1614 Riverains
1331 1590 1365 1614 du

153 1632 231 1661 Rhin,
258 1632 389 1662 puissions
416 1639 482 1655 nous
509 1638 574 1654 nous
599 1631 722 1662 regarder
747 1638 848 1654 comme
875 1630 941 1654 amis
968 1633 994 1653 et
1020 1630 1216 1660 compatriotes.
1243 1629 1280 1652 Ne
1300 1635 1366 1651 nous

151 1671 247 1696 rendez
274 1679 318 1702 pas
345 1671 526 1701 respousahles
552 1670 716 1700 d‘injustices
743 1672 769 1694 et
791 1670 1028 1694 d‘inconvenances
1046 1676 1097 1700 que
1117 1676 1183 1692 nous
1202 1668 1366 1691 desavouons

152 1711 316 1735 hautemeut.
334 1711 362 1734 Je
381 1710 503 1734 voudrais
522 1717 573 1740 que
592 1717 658 1733 nous
678 1709 809 1740 puissions
826 1710 892 1733 faire
910 1709 1046 1732 connaitre
1062 1716 1105 1732 ces
1121 1707 1367 1737 sentimensxj'ose-

153 1751 205 1774 rais
224 1751 296 1774 Vous
315 1757 436 1781 engager,
456 1757 519 1773 vous
537 1752 563 1772 et
583 1756 626 1772 vos
644 1749 720 1778 amis,
737 1749 769 1772 de
790 1756 856 1772 nous
875 1748 998 1772 accorder
1008 1748 1053 1771 des
1063 1747 1317 1771 communieations.
1329 1765 1333 1770 .
1345 1764 1368 1776 .‚

153 1791 218 1814 mais
236 1790 287 1814 Vos
304 1790 407 1813 devoirs
424 1796 520 1813 envers
539 1789 617 1812 Votre
637 1788 669 1812 bi
683 1788 697 1812 b
709 1789 715 1812 l
727 1788 735 1811 i
745 1796 759 1812 ο
770 1792 779 1812 t
790 1789 807 1812 h
818 1789 831 1811 e
842 1796 855 1812 c
865 1795 879 1811 a
898 1788 968 1812 Vous
988 1795 1019 1811 en
1039 1787 1233 1817 empeeheront,
1251 1786 1264 1809 εὶ
1275 1793 1303 1809 ce
1315 1792 1366 1816 que

150 1830 177 1861 je
195 1829 300 1854 crains‘?
318 1829 344 1853 Si
363 1829 417 1853 cela
436 1830 504 1852 n‘est
522 1835 577 1858 paS,
595 1828 671 1852 faites
690 1835 757 1851 nous
775 1831 816 1851 cet
835 1827 981 1851 honneur'*.
1001 1827 1064 1851 Vide
1083 1827 1162 1850 etiam
1183 1826 1246 1849 alias
1264 1825 1365 1855 epistu-

153 1870 191 1893 las
208 1877 222 1893 a
241 1869 386 1893 Niebuhrio
405 1868 435 1892 ad
456 1867 578 1892 Geelium
597 1868 679 1891 datas.

185 1909 246 1933 Tale
272 1908 335 1939 quid
358 1908 460 1938 cupivit
487 1907 571 1938 Bergk
599 1907 623 1930 d.
650 1906 682 1930 28
702 1914 736 1930 m.
756 1907 832 1931 Mart.
851 1914 873 1931 a.
891 1906 956 1930 1844
975 1906 1078 1936 (literae
1100 1907 1162 1928 sunt
1182 1905 1208 1928 iu
1227 1903 1366 1928 Tubulario

154 1948 330 1972 Bibliothecae
357 1947 516 1977 Leidensis):
544 1946 685 1976 „Ceterum
713 1947 733 1969 si
762 1947 808 1976 qui
828 1948 891 1970 suut
909 1953 939 1969 ex
959 1945 1130 1975 popularibus
1149 1945 1211 1972 tuis,
1230 1943 1275 1974 qui
1294 1950 1364 1966 com-

154 1988 264 2011 mentati
289 1987 388 2018 aliquid
407 1989 478 2013 suut.
497 1993 576 2016 quem
595 1985 625 2009 ad
646 1985 754 2009 modum
773 1985 849 2016 Alph.
868 1985 1004 2008 Heckerus
1022 1984 1093 2007 Tuus
1114 1985 1160 2007 aut
1179 1983 1304 2011 Cobetus,
1322 1989 1366 2005 eos

152 2028 232 2051 etiam
258 2029 337 2057 atque
365 2027 445 2050 etiam
471 2033 545 2056 roges
565 2025 651 2053 velim,
672 2027 701 2048 ut
720 2025 751 2048 ad
772 2032 813 2048 ine
832 2025 947 2054 mittant,
966 2023 1034 2054 quod
1054 2023 1189 2057 inseratur
1208 2023 1248 2046 liis
1267 2021 1365 2045 nostris

153 2067 307 2091 Annalibus.
325 2067 392 2090 Nam
410 2073 471 2089 cum
490 2065 577 2089 denuo
595 2064 664 2095 apud
686 2064 797 2088 Batavos
816 2064 989 2094 antiquarum
1008 2063 1160 2086 litterarum
1180 2061 1266 2085 studia
1276 2061 1366 2084 laetis-

154 2106 219 2130 sime
244 2106 419 2135 efflorescant,
446 2105 512 2129 nihil
540 2104 614 2128 nobis
641 2104 791 2134 exoptatius
816 2111 872 2127 esse
891 2105 984 2133 potest,
1002 2109 1082 2133 quam
1102 2102 1123 2125 si
1142 2101 1172 2124 ad
1193 2108 1240 2124 nos
1259 2107 1364 2131 quoque

154 2145 298 2169 Germanos
315 2145 411 2175 aliquis
430 2145 533 2168 fructus
552 2143 768 2167 redundaverit&

187 2185 259 2209 Idem
286 2185 409 2209 Welcker
428 2186 453 2207 et
473 2183 658 2207 Schneidewin
680 2182 838 2212 petiverunt
858 2182 895 2206 Cf.
913 2188 1005 2205 eorum
1025 2181 1162 2211 epistulae,
1181 2187 1248 2210 quae
1269 2179 1296 2203 iu
1316 2179 1364 2202 Ta-

155 2224 256 2249 bulario
276 2224 450 2247 Bibliothecae
470 2223 605 2246 Leidensis
625 2224 804 2245 asservantur.

189 2263 215 2293 3)
233 2264 263 2287 In
289 2263 426 2287 Tabulario
445 2263 621 2286 Bibliothecae
640 2261 775 2285 Leidensis
794 2261 893 2284 multae
911 2260 1040 2290 epistulae
1058 2267 1072 2283 a
1090 2259 1228 2290 philologis
1246 2257 1366 2282 externis
