1673 2768
697 311 735 340 31

107 404 174 434 veel
199 403 325 444 zediger
349 404 528 444 geworden,
555 404 614 434 dan
642 404 673 434 ik
699 404 790 434 reeds
817 404 901 434 was!
928 404 993 434 Een
1020 404 1141 435 tweede
1166 404 1325 435 bevreem-

107 460 183 501 ding
207 460 290 491 heeft
314 461 363 500 mij
390 461 428 491 de
452 464 528 491 noot
553 462 596 499 (2)
621 460 836 499 veroorzaakt,
860 461 890 490 in
914 459 958 490 n⁰.
982 461 1020 490 10
1043 470 1102 491 van
1117 461 1177 491 den
1204 460 1287 490 Gid
1302 470 1327 491 s.

108 516 366 547 Wetensch.
393 517 628 558 bijdragen
657 528 724 558 pag.
749 516 838 554 481).
865 516 960 557 Mijne
985 516 1327 547 Commentatio

107 573 134 603 is
170 573 328 604 sedert
371 574 506 614 April
551 583 635 604 van
674 574 742 604 dit
773 574 875 613 jaar
910 574 942 603 in
979 574 1031 604 het
1066 573 1253 613 afgedrukte
1289 582 1327 603 en

108 631 297 670 uitgegeven
322 630 433 661 laatste
457 630 526 661 deel
551 630 605 661 der
631 629 818 660 Commentt.
842 640 903 660 van
926 630 964 660 de
979 629 1043 660 IIIe
1057 629 1165 661 Classe
1179 632 1209 660 te
1222 630 1327 667 lezen,

109 696 195 716 maar
226 686 264 717 de
288 687 438 727 schrijver
464 687 519 717 der
556 686 735 717 Verded
751 688 758 716 i
774 687 885 727 ging
921 687 973 716 wil
999 687 1139 717 evenwel
1165 696 1228 727 nog
1253 696 1327 717 eens

109 742 268 783 bewijzen,
292 746 354 773 wat
378 743 410 773 ik
436 743 526 774 reeds
552 743 700 774 bewezen
725 743 794 773 had.
820 743 883 774 Het
907 744 934 774 is
958 743 1046 774 beter
1071 743 1123 773 dat
1149 743 1187 783 hij
1215 742 1330 784 bijtijds

109 800 177 830 zich
203 800 250 830 uit
275 800 372 831 dezen
402 810 420 830 a
434 810 452 830 n
467 810 485 830 a
498 809 514 830 c
528 800 547 830 h
562 810 577 830 r
589 810 607 830 o
621 810 639 830 n
655 801 692 831 is
707 811 735 830 m
752 810 771 830 u
786 810 800 831 s
825 800 929 839 redde,
954 800 1015 830 dan
1041 800 1093 830 dat
1118 800 1166 839 wij
1193 800 1328 830 verschil

109 856 237 897 krijgen.
262 856 299 886 Ik
324 856 502 887 hakkeveer
528 857 591 887 niet
616 866 750 897 gaarne,
777 866 864 887 maar
886 856 918 887 ik
944 856 1006 886 kan
1040 866 1055 886 z
1071 856 1178 887 ulke
1206 857 1328 887 verzin-

110 914 228 954 ningen
265 914 318 944 het
350 913 447 944 minst
469 912 705 953 goedkeuren''.
730 913 833 944 Simul
857 912 895 943 ab
920 913 968 952 iis,
994 914 1049 953 qui
1074 913 1210 944 diarium
1235 913 1329 944 eden-

111 969 188 1000 dum
220 969 383 1009 curabant,
414 970 534 1010 petivit,
564 972 600 1000 ut
632 970 941 1009 commentationem,
973 979 1068 1010 quam
1095 970 1250 1010 epistulae
1276 970 1330 1000 ad-

111 1027 271 1065 iunxerat,
294 1026 340 1056 illi
365 1025 525 1057 defensori
549 1026 688 1056 Socratis
713 1026 843 1056 honoris
868 1025 950 1056 dono
975 1026 1144 1056 mitterent.

156 1084 296 1124 Apparet
328 1086 433 1113 tamen
459 1092 499 1113 ex
524 1082 614 1121 libro,
639 1083 690 1113 cui
716 1082 829 1113 titulus
854 1086 901 1113 est
929 1081 1135 1121 „Onderzoek
1161 1092 1199 1113 en
1225 1082 1329 1113 Phan-

111 1139 222 1178 tasie'',
258 1140 304 1170 ed.
339 1150 364 1170 a.
404 1140 498 1179 1838,
533 1149 560 1179 p.
596 1139 659 1169 274
692 1139 889 1170 defensorem
922 1139 1012 1169 illum
1046 1139 1197 1170 honorem
1232 1149 1326 1170 suum

111 1196 277 1227 defendere
301 1196 507 1236 dedignatum
533 1205 610 1226 esse.
636 1195 711 1226 Geel
738 1196 822 1226 enim
848 1195 886 1225 l.l.
912 1195 1070 1236 significat
1092 1214 1131 1217 —-
1153 1196 1238 1236 quod
1260 1197 1328 1227 sine

110 1253 207 1283 dubio
242 1253 410 1291 omisisset,
442 1253 468 1282 si
500 1252 553 1283 ille
578 1262 773 1293 quocunque
798 1252 890 1282 modo
916 1262 955 1283 ex
984 1252 1270 1291 „anachronismo”
1295 1262 1328 1283 se

110 1309 334 1350 expedivisset,
360 1328 397 1331 -
425 1309 585 1339 hominem
612 1309 770 1349 quendam
796 1310 829 1339 in
856 1309 954 1339 diario
981 1309 1039 1347 „de
1064 1308 1163 1339 Gids''
1184 1319 1210 1339 a.
1234 1310 1328 1349 1837,

110 1366 142 1396 in
168 1369 264 1406 parte,
291 1375 373 1406 quae
397 1365 582 1396 inscribitur
605 1364 951 1405 „Wetenschappelijke
972 1364 1171 1405 Bijdragen'‘,
1184 1375 1211 1405 p.
1227 1365 1268 1395 64
1282 1375 1327 1405 sq.

111 1423 149 1453 de
172 1423 397 1462 Aristophanis
421 1421 572 1453 Nubibus
597 1421 729 1452 eandem
754 1422 969 1452 coniecturam
991 1421 1112 1460 fecisse,
1134 1431 1229 1462 quam
1252 1422 1328 1462 ipse,

111 1482 147 1509 ut
171 1479 203 1510 O.
228 1478 263 1509 O.
288 1478 510 1510 Hermannum
527 1477 549 1517 2)
573 1479 753 1519 corrigeret,
778 1479 839 1508 iam
866 1481 958 1509 antea
979 1478 1151 1518 protulerat
1172 1479 1205 1508 in
1219 1478 1328 1517 diario,

113 1536 165 1566 cui
201 1545 316 1566 nomen
356 1534 423 1574 „De
455 1535 576 1566 Vriend
609 1535 664 1566 des
698 1533 967 1572 Vade1·lands'’³).
992 1533 1115 1565 Deinde
1140 1535 1184 1564 ita
1208 1535 1327 1575 pergit:

115 1591 172 1631 „In
206 1592 256 1623 die
288 1592 389 1622 zelfde
414 1591 653 1632 Verhandeling
677 1591 793 1622 belooft
818 1591 856 1622 de
879 1591 1043 1631 Schrijver,
1069 1592 1144 1621 eens
1168 1594 1199 1621 te
1223 1591 1328 1621 zullen

113 1648 271 1689 bewijzen,
304 1649 358 1679 dat
388 1648 426 1679 de
461 1648 692 1689 Apologia
728 1648 943 1679 Socratis
979 1657 1039 1678 van
1064 1647 1244 1688 Xenophon
1271 1657 1329 1678 een

113 1715 129 1736 e
144 1705 218 1736 cht
253 1705 327 1736 stul(
358 1706 395 1744 is,
420 1714 458 1736 en
484 1706 537 1736 het
560 1705 672 1736 laatste
698 1704 881 1735 Hoofdstuk
908 1704 963 1735 der
997 1704 1059 1735 Me
1074 1714 1103 1734 m
1120 1703 1330 1734 orabilia

113 1772 164 1792 on
178 1771 224 1792 ec
238 1762 256 1792 h
270 1765 289 1792 t.
318 1781 355 1783 —
382 1761 470 1792 Maar
495 1762 539 1792 dit
564 1772 628 1792 was
653 1762 743 1792 reeds
769 1761 844 1802 lang
865 1761 1018 1801 afgedaan
1040 1762 1071 1791 in
1094 1761 1146 1792 het
1159 1760 1238 1791 Vlde
1253 1759 1329 1791 Deel

113 1819 168 1850 der
203 1818 355 1849 Comm.
392 1818 479 1849 Lat.
516 1828 576 1848 van
614 1819 652 1849 de
689 1817 772 1848 Inde
804 1818 1089 1848 Instituut-klasse.
1122 1817 1246 1848 Gaarne
1270 1827 1329 1847 zou

112 1875 144 1905 ik
180 1876 259 1914 zien,
295 1875 347 1906 dat
382 1875 420 1906 de
455 1875 612 1915 Schrijver
647 1885 709 1905 van
745 1874 889 1915 gemelde
925 1874 1164 1914 Verhandeling
1200 1875 1231 1904 in
1268 1874 1327 1904 den

112 1931 242 1971 Gids,
277 1932 315 1962 de
340 1931 500 1972 bewijzen,
526 1933 606 1962 voor
630 1932 701 1962 hem
727 1932 759 1961 in
785 1932 835 1962 die
872 1931 1216 1961 Commentatio
1253 1940 1327 1961 aan-

147 2097 174 2128 1)
193 2098 230 2121 Ibi
249 2098 312 2121 haec
331 2098 470 2129 leguntur:
492 2097 533 2129 „ik
555 2105 630 2121 meen
650 2096 822 2127 vohlingende
844 2096 959 2119 redenen
980 2098 1004 2118 te
1025 2095 1135 2123 hebben,
1154 2102 1196 2118 orn
1213 2094 1244 2118 de
1261 2095 1329 2125 Apo-

115 2138 181 2168 logie
201 2145 249 2161 van
269 2138 414 2168 Xenophon
436 2140 460 2160 te
479 2137 584 2160 houden
607 2144 667 2160 voor
687 2136 848 2166 gesem-even
869 2138 894 2158 te
915 2135 964 2166 zijn
984 2135 1047 2158 door
1066 2134 1212 2164 Xenophon
1232 2134 1331 2165 zelum,

115 2177 169 2200 niet
189 2177 234 2200 het
252 2177 354 2200 aehtste
373 2177 512 2200 hoosdstuk
535 2184 583 2200 van
603 2177 648 2199 het
668 2176 711 2199 [Vc
731 2175 798 2198 Book
819 2175 865 2198 der
885 2175 1026 2198 Memor.
1045 2178 1106 2204 (een
1127 2182 1175 2197 van
1196 2174 1240 2197 het
1258 2174 1328 2205 alge—

116 2223 192 2240 meen
218 2224 399 2247 aangenomen
426 2216 567 2247 aswijkend
597 2215 732 2246 gemelen,
758 2215 800 2238 dat
829 2214 854 2237 ik
884 2214 942 2237 hier
968 2221 1003 2237 nu
1030 2214 1085 2236 niet
1105 2213 1185 2236 nuder
1205 2213 1255 2236 kan
1278 2216 1329 2236 uit-

114 2256 290 2284 eenzetten)‘'.

148 2294 175 2320 2)
194 2295 231 2318 Cs-
253 2293 315 2318 Bibl.
334 2303 369 2318 cr,
389 2302 463 2321 nova,
483 2296 530 2318 vol.
550 2295 579 2321 V,
600 2297 665 2324 part.
682 2294 712 2321 11,
732 2301 755 2323 p.
775 2292 914 2316 554-556.

149 2334 175 2365 3)
197 2335 223 2358 P.
242 2334 298 2364 398,
317 2342 354 2365 sq.
