1673 2768
899 272 960 302 154

319 364 519 403 amicissime,
551 364 603 395 dat
625 365 664 405 gij
692 365 757 395 niet
782 364 948 404 overtuigd
975 365 1036 404 zijt,
1062 364 1114 395 dat
1138 364 1169 394 ik
1195 365 1245 395 het
1270 364 1355 404 latijn
1381 365 1535 405 schrijven

320 430 396 450 voor
431 421 593 461 moeijelijk
628 421 729 451 houd:
764 422 856 460 mijne
880 421 1016 451 carriere
1041 420 1124 451 heeft
1149 421 1214 451 niet
1238 421 1458 461 meegebracht
1483 422 1535 452 dat

318 476 351 506 ik
375 486 408 507 er
432 478 483 516 mij
507 477 650 517 gestadig
675 487 714 518 op
739 477 801 507 kon
826 477 989 517 toeleggen
1004 500 1010 506 .
1025 475 1094 507 ...”
1109 475 1144 517 ¹).

364 532 452 569 Quae
488 532 562 564 Geel
599 533 708 564 Latine
743 534 879 573 scripsit,
912 533 1048 563 multum
1081 533 1170 563 iuvat
1195 533 1315 574 legere:
1343 534 1441 564 oratio
1466 535 1535 565 eius

319 589 467 630 expedita
491 590 638 630 perfacile
663 599 790 620 currere
814 590 902 628 solet,
927 589 1060 620 delectat
1080 589 1246 628 hilaritate,
1258 589 1384 630 laetitia,
1398 591 1535 631 ingenio.

319 645 391 676 Non
428 647 489 677 nisi
524 656 595 677 raro
631 647 806 677 sententiae
831 646 926 676 nimis
951 646 1064 686 longae
1088 650 1117 677 et
1142 649 1303 677 contortae
1327 656 1456 677 sensum
1481 647 1532 678 ob—

319 706 457 742 scurant,
483 706 517 734 ut
541 704 573 733 in
600 702 759 743 Olympici
785 702 986 743 praefatione.

365 759 492 790 Praeter
512 759 683 790 nonnullas
708 759 881 790 sententias
905 760 938 789 in
964 758 1122 799 Olympici
1148 758 1340 799 praefatione
1354 759 1438 799 haec,
1452 770 1534 800 quae

317 816 433 856 legitur
468 817 500 846 in
538 816 729 856 praefatione
765 815 925 846 Historiae
960 816 1086 846 criticae
1109 815 1339 855 Sophistarum,
1360 816 1534 847 intricatior

318 873 395 902 mihi
432 872 572 903 videtur:
613 873 740 912 „itaque
771 872 966 912 accipe,...,
991 872 1071 902 hanc
1095 871 1269 902 Historiam
1296 871 1534 913 Criticam‚...,

318 938 399 969 quae
432 932 626 969 quantopere
658 938 707 959 me
732 929 919 967 exercuerit,
943 938 1000 968 ego
1027 929 1102 967 scio,
1126 931 1282 968 quantum
1309 927 1408 959 bonae
1431 928 1533 970 frugis

317 985 433 1025 afferat,
470 986 499 1015 in
538 985 649 1016 mediis
681 984 852 1024 erroribus,
878 984 916 1015 ab
940 988 1069 1015 auctore
1095 985 1221 1025 quidem
1247 985 1454 1025 praestandis,
1478 986 1532 1017 sed

317 1043 348 1072 in
383 1043 496 1082 quavis
521 1046 605 1072 certo
631 1041 827 1082 definitoque
851 1045 992 1081 tempore
1016 1041 1210 1072 absolvenda
1234 1051 1270 1072 ac
1292 1041 1356 1072 fere
1376 1042 1531 1073 tumultu—

316 1100 381 1129 aria
405 1099 575 1139 scriptione
600 1099 653 1128 vix
679 1099 845 1137 evitandis,
870 1099 965 1128 huius
991 1107 1064 1128 vero
1086 1098 1130 1128 rei
1144 1098 1278 1128 aliorum
1293 1098 1447 1129 iudicium
1461 1098 1532 1130 sit”.

360 1155 396 1185 In
431 1156 495 1185 his:
525 1154 731 1194 „incredibile
756 1159 813 1195 est,
835 1158 906 1195 post
931 1165 1025 1195 quam
1051 1155 1168 1185 multas
1194 1155 1425 1195 disputationes
1450 1156 1531 1186 viro-

316 1222 386 1242 rum
423 1212 588 1242 doctorum
626 1222 720 1252 quam
757 1213 913 1242 incertum
951 1212 1000 1251 sit,
1026 1214 1146 1242 veteres
1171 1221 1345 1252 usurpasse
1368 1212 1436 1250 ἀνήρ
1462 1213 1532 1243 sine

315 1269 448 1299 articulo
474 1278 528 1309 pro
553 1268 679 1303 ἑκεῑν;;”
701 1268 840 1309 (Olymp.
862 1279 889 1309 p.
910 1269 985 1306 410)
1007 1268 1095 1309 prius
1108 1267 1188 1298 illud
1204 1267 1342 1308 „quam”
1356 1278 1420 1299 non
1434 1269 1529 1300 inele—

313 1329 426 1366 ganter
450 1325 569 1356 dictum
595 1329 642 1356 est
666 1335 738 1366 pro:
760 1330 832 1366 post
854 1329 917 1355 tam
943 1325 1060 1356 multas
1085 1325 1325 1365 disputationes.
1351 1324 1435 1362 Quid
1457 1335 1530 1357 vero

314 1382 391 1413 haec
423 1381 620 1423 significant:
649 1392 765 1422 „quam
789 1382 946 1412 incertum
972 1381 1058 1412 sit”i'
1083 1381 1116 1412 Si
1141 1381 1232 1412 multi
1258 1382 1315 1411 viri
1342 1382 1425 1413 docti
1451 1382 1530 1413 bene

314 1439 569 1480 disputaverunt,
594 1448 657 1469 non
682 1442 729 1469 est
753 1439 921 1478 incertum,
947 1438 1001 1469 sed
1027 1447 1076 1469 res
1100 1441 1147 1469 est
1172 1438 1356 1469 certissima.
1377 1438 1530 1471 Voluitne

314 1495 434 1526 dicere:
459 1495 646 1526 incredibile
671 1498 727 1535 est,
751 1505 847 1536 quam
873 1495 965 1525 multi
989 1496 1083 1526 etiam
1109 1495 1202 1526 hodie
1227 1495 1367 1536 negent?

357 1551 501 1583 Levioris
536 1555 583 1583 est
619 1553 780 1592 momenti,
816 1552 901 1593 quod
940 1551 1068 1591 „nunc”
1103 1561 1158 1592 pro
1196 1551 1308 1589 „tum”
1339 1552 1466 1593 scripsit
1496 1553 1528 1582 in

313 1609 362 1639 his
399 1608 519 1639 verbis:
559 1612 703 1649 „recepto
739 1610 771 1639 in
797 1610 980 1649 proximum
1006 1618 1133 1639 versum
1154 1607 1308 1645 ἄλγιστον,
1335 1618 1421 1639 nunc
1445 1613 1528 1640 certe

313 1665 465 1696 haberent
489 1665 748 1705 lacrymae....’'
773 1665 903 1703 (Phoen.
929 1676 957 1706 p.
985 1665 1072 1705 211),
1096 1668 1126 1696 et
1150 1665 1235 1706 quod
1262 1665 1416 1696 vocabulo
1444 1666 1528 1704 „dis-

312 1721 440 1753 tichon”
476 1723 584 1752 minus
619 1725 703 1752 recte
740 1731 820 1752 usus
852 1724 899 1752 est
924 1731 996 1762 pro:
1023 1720 1148 1752 duobus
1173 1721 1320 1752 versibus
1344 1721 1473 1760 (Phoen.
1497 1732 1527 1763 p.

313 1779 397 1817 231).
433 1778 495 1810 Sed
531 1779 645 1809 vitiosa
679 1781 727 1809 est
758 1779 857 1809 oratio
889 1779 921 1808 in
946 1778 1011 1809 his:
1041 1778 1087 1817 „si
1112 1777 1270 1817 (Grauert)
1295 1778 1416 1809 diutius
1441 1780 1528 1819 operi

312 1838 447 1874 vacarat,
472 1834 562 1866 nobis
587 1835 666 1865 nihil
691 1838 813 1875 praeter
836 1835 987 1865 laudandi
1009 1835 1203 1875 provinciam
1218 1835 1420 1876 reliquisset''
1434 1835 1527 1872 (Bibl.

312 1901 354 1922 cr.
383 1902 453 1922 nov.
487 1892 546 1922 vol.
570 1891 625 1922 IV.
650 1902 679 1932 p.
704 1891 797 1932 102);
827 1891 885 1930 „de
909 1901 1047 1932 quanam
1072 1891 1183 1922 fraude
1209 1893 1417 1923 convenerint
1441 1892 1526 1924 Tele-

345 2051 371 2079 1)
391 2051 426 2075 De
453 2051 544 2075 eadem
572 2059 599 2075 re
627 2051 820 2082 elegantissime
848 2051 953 2082 scripsit
978 2051 1008 2074 ad
1028 2051 1204 2075 Ritschelium
1222 2051 1246 2075 d.
1265 2050 1280 2074 9
1299 2059 1332 2075 m.
1352 2051 1402 2075 Jul.
1421 2059 1443 2076 a.
1462 2051 1527 2076 1845

311 2091 455 2121 (exemplar
483 2091 562 2114 huius
588 2091 717 2121 epistulae
743 2094 895 2114 asservatur
922 2091 948 2114 in
977 2090 1138 2114 Bibliotheca
1165 2090 1360 2121 Lugdunensi):
1382 2091 1455 2121 „Und
1476 2092 1525 2116 wie

311 2130 357 2153 soll
386 2130 444 2154 Ich
470 2138 497 2154 es
523 2131 593 2154 deun
621 2131 740 2160 macheu,
767 2130 920 2154 dulcissime
950 2130 1090 2154 Rilscheli!
1119 2137 1198 2153 werin
1225 2138 1252 2154 es
1280 2130 1363 2154 Ilineu
1382 2138 1457 2162 sogar
1476 2139 1525 2155 un-

312 2170 424 2200 moglich
451 2170 554 2194 scheint
583 2170 640 2199 „die
667 2170 805 2193 innersten
831 2169 996 2193 Sentimens“
1025 2170 1071 2193 mit
1100 2170 1159 2193 dem
1187 2170 1372 2194 Lateinischeu
1395 2171 1525 2201 adaequat

312 2209 548 2239 wiederzugeben‘?
575 2209 724 2233 Immerfort
751 2209 890 2233 lateiniseh
917 2217 947 2233 zu
975 2209 1123 2239 schreiben,
1144 2209 1196 2233 und
1216 2217 1249 2233 au
1268 2209 1319 2239 Sie,
1338 2211 1407 2233 ware
1427 2218 1454 2234 so
1474 2211 1524 2234 viel

311 2248 349 2271 als
374 2249 509 2272 eutweder
534 2249 611 2273 keine
630 2249 724 2273 innern
744 2248 896 2273 Sentimens
914 2257 945 2272 zu
965 2249 1059 2279 haben,
1077 2249 1139 2272 oder
1157 2249 1199 2273 die
1218 2250 1402 2281 „unmogliche
1421 2249 1523 2274 Kunss'

311 2296 342 2311 zu
361 2288 484 2312 besitzen.
504 2288 547 2312 Ich
568 2289 678 2312 ver-bitte
697 2289 747 2312 mir
766 2288 851 2312 dieses
868 2289 1068 2319 Dilemma‚und
1079 2288 1198 2312 schreibe
1209 2288 1315 2320 ksmstig
1326 2289 1473 2314 Deutsch..
1485 2309 1490 2313 .
1502 2290 1524 2314 .”
