1673 2768
855 302 895 330 22

270 396 366 426 Hunc
402 395 465 426 fere
501 405 606 426 rerum
644 394 784 425 ordinem
818 394 917 423 fnisse
949 394 1097 433 exponit:
1122 393 1153 422 in
1180 393 1276 423 altera
1300 392 1479 432 principum

270 453 426 491 contione,
461 455 628 492 postquam
665 450 822 490 Telephus
858 449 978 479 fraudis
1010 448 1048 479 ab
1080 448 1177 479 Ulixe
1200 451 1283 479 esset
1308 448 1485 487 convictus,

271 508 450 539 Menelaum
476 518 532 548 pro
556 507 691 547 Telepho
716 507 849 545 stetisse,
875 505 1030 536 Achillem
1057 514 1131 535 vero
1152 515 1215 535 non
1238 504 1397 535 intellecto
1418 514 1485 534 ora-

271 565 334 596 culi
371 574 468 596 sensu
503 564 621 595 mederi
654 573 687 594 se
711 572 803 603 posse
828 563 1004 603 negavisse,
1028 562 1105 592 artis
1128 562 1321 602 imperitum,
1346 564 1376 592 et
1399 560 1485 591 Tele-

272 622 369 662 phum
407 630 463 661 pro
495 620 692 661 speculatore
724 619 880 649 habuisse.
906 618 1029 649 Deinde
1053 627 1125 648 cum
1151 617 1315 648 Menelaus
1340 617 1378 647 ab
1404 618 1486 658 Aga-

274 687 442 708 memnone
489 676 690 717 postulasset,
741 679 774 706 ut
818 674 989 715 Telephum
1038 676 1170 714 iuvaret,
1212 675 1485 715 Agamemnonem

273 734 487 774 impatientem
509 733 734 763 admonitionis
756 735 785 763 et
807 732 943 761 iniuriae
963 730 1090 761 fratrem
1114 731 1281 762 dimisisse.
1302 730 1379 761 Post
1393 730 1487 760 Chori

274 790 514 821 lamentationes
540 790 588 820 vel
614 789 741 819 Ulixem
761 787 781 826 ¹)
808 789 857 818 vel
882 787 1052 818 Herculem
1079 792 1113 818 ut
1135 788 1228 818 deum
1249 797 1288 818 ex
1305 787 1449 817 machina
1465 787 1487 825 ²)

274 846 393 877 oraculi
425 855 522 877 sensu
547 846 691 886 exposito
717 844 934 875 difficultatem
961 844 1094 875 solvisse
1118 847 1148 875 et
1173 844 1364 875 Graecorum
1391 844 1488 875 duces

275 903 496 934 reconciliasse
510 901 541 941 3).

320 1014 338 1053 ξ
364 1014 391 1043 3.
415 1012 452 1042 In
478 1012 596 1043 Classis
623 1012 731 1043 tertiae
756 1011 899 1042 Instituti
925 1012 1004 1052 regii
1029 1011 1151 1051 Belgici
1175 1013 1335 1041 conventu
1361 1010 1489 1051 publico

282 1080 306 1100 a.
346 1070 428 1099 1829
468 1068 637 1099 vernacula
672 1068 782 1108 lingua
814 1067 889 1098 Geel
921 1068 1000 1107 egit:
1030 1066 1134 1106 „Over
1159 1067 1218 1097 den
1243 1077 1328 1107 gang
1353 1077 1413 1097 van
1439 1067 1492 1098 het

277 1125 454 1156 onderzoek
475 1126 507 1154 in
530 1124 620 1154 Oude
635 1124 861 1155 Geschiedenis
874 1133 912 1154 en
927 1123 1071 1154 Letteren
1087 1133 1125 1154 en
1140 1123 1273 1154 deszelfs
1285 1122 1444 1163 grenzen“
1459 1123 1491 1160 ⁴).

322 1181 467 1212 Gaudere
492 1190 526 1211 se
550 1181 634 1219 dicit,
659 1180 744 1221 quod
769 1180 919 1210 historica
944 1180 1088 1210 doctrina
1112 1180 1185 1210 inde
1209 1179 1247 1210 ab
1273 1179 1393 1219 Heynii
1414 1182 1491 1210 tem-

279 1237 409 1278 poribus
443 1247 461 1267 a
496 1237 667 1277 philologia
699 1237 831 1267 classica
859 1236 899 1266 sit
922 1239 1096 1277 segregata,
1120 1236 1218 1276 idque
1243 1236 1373 1276 utrique
1398 1236 1491 1266 disci—

278 1294 381 1334 plinae
417 1303 531 1333 magno
567 1292 686 1323 fructui
722 1296 752 1323 et
787 1293 953 1323 commodo
985 1295 1015 1323 et
1046 1292 1112 1323 fore
1143 1296 1173 1323 et
1196 1292 1296 1323 fuisse
1320 1291 1493 1332 profitetur,

281 1353 385 1389 „want
421 1349 479 1380 ook
513 1350 580 1380 hier
616 1349 698 1380 heeft
731 1349 780 1380 die
813 1349 961 1390 splitsing
985 1349 1086 1389 plaats
1110 1358 1277 1390 gegrepen,
1302 1349 1352 1379 die
1376 1349 1408 1378 in
1433 1348 1493 1379 alle

279 1406 541 1446 wetenschappen
567 1406 618 1436 het
641 1406 758 1446 gevolg
782 1406 837 1436 der
862 1406 1032 1446 vordering
1055 1415 1094 1437 en
1121 1405 1314 1446 uitbreiding
1337 1404 1431 1443 is”⁵).

323 1462 440 1493 Eadem
477 1462 616 1503 postulat
650 1465 713 1493 tam
750 1462 788 1492 ab
820 1463 869 1501 iis,
902 1463 956 1503 qni
988 1464 1193 1493 vetustiorem
1226 1462 1311 1492 illam
1335 1462 1492 1492 rationem

279 1519 457 1550 studiorum
482 1520 687 1559 antiquorum
712 1519 958 1559 amplectuntur,
979 1529 1073 1559 quam
1099 1518 1137 1549 ab
1162 1519 1210 1558 iis,
1236 1520 1291 1559 qui
1312 1528 1412 1549 novas
1426 1518 1494 1549 vias

280 1576 403 1616 ingredi
427 1575 566 1606 malunt:
593 1574 758 1613 οὶκριβείκν,
783 1576 966 1616 patientiam
992 1577 1031 1616 (p.
1054 1576 1204 1614 13—15)‚
1223 1575 1304 1606 bene
1317 1576 1494 1607 coniciendi

280 1632 471 1671 facultatem,
503 1630 621 1663 celeres
653 1636 758 1663 motus
782 1633 911 1673 ingenii,
937 1632 1055 1673 quibus
1080 1633 1195 1671 omnia,
1220 1641 1302 1672 quae
1325 1633 1494 1663 inveniun-

281 1692 333 1719 tur
368 1689 416 1719 vel
452 1692 535 1720 recte
566 1690 797 1729 excogitantur,
829 1699 924 1730 quam
951 1690 1068 1730 optime
1092 1689 1267 1729 coniungas
1292 1692 1321 1719 et
1345 1689 1495 1730 disponas

282 1749 320 1786 (p.
355 1746 504 1785 15—22),
536 1746 715 1776 cautionem
742 1746 879 1786 denique
903 1747 1165 1786 circumspectam
1191 1749 1221 1776 et
1245 1746 1431 1786 sapientem,
1456 1755 1495 1777 ne

283 1803 378 1833 nimis
403 1802 546 1833 celeriter
570 1802 626 1832 tibi
651 1803 773 1843 placeas
797 1805 837 1843 (p.
862 1803 923 1832 22.

327 1859 364 1889 A.
392 1858 426 1888 E.
458 1858 486 1889 J.
518 1858 688 1890 Holwerda
702 1858 723 1897 6)
756 1860 837 1890 hanc
869 1860 1114 1900 disputationem
1146 1859 1304 1890 vocabulo
1331 1868 1496 1900 „gemeen-

316 2005 342 2034 1)
362 2005 436 2035 Apud
457 2006 604 2037 Hyginuim
624 2006 720 2030 iniuria
740 2009 836 2037 tamen,
857 2009 885 2030 ut
905 2006 967 2031 Geel
986 2007 1158 2036 demonstrat,
1177 2014 1200 2037 p.
1220 2005 1252 2030 *20
1269 2013 1305 2037 sq,

315 2044 341 2074 2)
361 2045 405 2068 Est
425 2044 506 2068 Geelii
526 2046 678 2069 coniectura
696 2046 795 2076 optime
814 2047 968 2077 excogitata.

317 2084 343 2113 3)
363 2084 390 2108 P.
408 2084 514 2108 *ΖΟ-30.

317 2123 342 2153 4)
363 2124 431 2147 Haec
457 2124 539 2147 oratio
567 2125 665 2154 „lecta”
693 2125 717 2149 d.
738 2125 769 2148 ‘24
794 2132 828 2149 m.
852 2125 916 2148 Nov.
936 2125 1035 2148 inserta
1055 2127 1094 2148 est
1112 2124 1215 2155 corpori
1234 2124 1496 2149 Commentationum

284 2163 382 2193 linguis
401 2163 592 2187 recentioribus
610 2165 830 2195 conscriptarum,
848 2165 917 2195 quod
937 2165 1039 2188 editum
1058 2167 1097 2187 est
1116 2172 1138 2187 a.
1157 2163 1230 2187 1833.

319 2203 344 2231 5)
365 2203 391 2226 Ι».
409 2203 432 2226 e.

318 2241 345 2271 6)
364 2242 390 2264 111
411 2242 500 2272 diario,
518 2243 560 2265 cui
580 2250 675 2266 nomen
696 2246 735 2266 est
756 2243 802 2273 „de
821 2242 908 2272 Gids'',
926 2250 948 2266 a.
967 2242 1039 2272 1890,
1059 2250 1092 2267 m.
1112 2242 1192 2273 Scpt.‚
1210 2250 1234 2272 p.
1248 2241 1497 2266 428 PA30autem

287 2282 349 2304 haec
376 2282 491 2311 scripsit:
521 2282 572 2311 „De
598 2282 722 2305 Leidsclie
742 2282 828 2305 school
848 2282 947 2311 (blecs),
967 2282 990 2305 al
1013 2282 1117 2313 waagde
1137 2282 1167 2312 zij
1188 2282 1242 2305 zich
1265 2281 1359 2312 weinig
1378 2289 1426 2305 ann
1446 2281 1498 2304 his-

287 2321 400 2344 torisclie
419 2320 532 2350 studim,
544 2340 548 2344 .
560 2340 565 2344 .
576 2340 597 2345 ..
619 2322 680 2345 door
700 2322 730 2345 de
741 2322 807 2345 oude
820 2322 958 2352 pliilologie
969 2325 1096 2353 ongerept
1105 2325 1130 2345 te
1142 2322 1273 2351 bewuren,
1285 2321 1357 2344 beten·
1368 2321 1497 2352 (lleusdio
