1673 2768
917 311 936 340 4

321 402 380 431 vol.
418 401 449 432 II
474 401 495 439 ¹)
539 412 705 433 censuram
752 404 814 443 egit
851 403 998 433 editionis
1033 402 1200 439 Theocriti,
1236 413 1330 443 quam
1367 406 1535 434 curaverat

319 457 444 489 Jacobs.
476 458 514 489 In
538 458 678 489 Jacobsii
703 458 905 499 praefatione,
929 468 1011 499 quae
1036 460 1098 488 215
1125 460 1256 500 paginas
1281 459 1409 495 obtinet,
1435 459 1534 491 Geelii

320 514 467 545 editionis
503 514 592 545 nulla
626 514 662 545 fit
698 516 825 545 mentio.
861 514 962 551 Quam
995 514 1144 546 Jacobsio
1169 517 1308 556 ignotam
1334 516 1434 547 fuisse
1459 515 1534 547 Geel

320 570 421 601 doluit
455 571 537 601 hanc
573 571 611 601 ob
644 581 788 602 causam:
828 571 943 611 „quod,
975 572 1002 601 si
1035 574 1143 601 nostra
1167 572 1343 612 spernebat,
1367 582 1448 613 quae
1473 573 1534 613 ipsi

319 628 450 658 mininie
475 627 637 665 miramur,
660 628 790 657 nomina
815 630 898 657 certe
922 626 1074 668 Lennepii
1095 631 1126 658 et
1146 627 1319 659 Hamakeri
1332 629 1531 669 aliquantum

318 693 336 713 a
360 683 456 724 vulgo
481 683 672 715 secernenda
697 682 911 714 videbantur⁷⁷
926 682 958 722 2).

362 794 380 833 ξ
413 795 440 825 3.
474 794 578 826 Vitam
604 794 753 826 Heerenii
778 796 810 825 in
835 794 1001 835 Belgicum
1028 805 1205 826 sermonem
1231 806 1417 827 conversam
1432 795 1455 834 3)
1479 796 1532 827 ad-

318 850 390 881 dere
433 852 597 892 opusculis
641 851 740 882 Geelii
776 852 975 892 philologieis
1006 846 1075 882 vnon
1112 852 1239 883 dubito:
1276 852 1401 884 Heeren
1438 854 1533 894 enim,

317 910 487 948 antequam
532 908 647 939 studiis
686 908 845 939 historicis
882 911 984 939 totum
1023 918 1056 939 se
1092 909 1220 948 dedidit,
1254 909 1315 940 fuit
1350 910 1531 951 philologus

317 964 478 995 classicus.

363 1020 400 1050 In
436 1020 635 1051 Praefatione
671 1020 747 1052 Geel
779 1020 933 1062 exponit,'
952 1031 1010 1052 cur
1041 1022 1090 1052 vir
1121 1022 1317 1052 clarissimus
1341 1023 1409 1063 ipse
1432 1023 1529 1053 vitam

324 1086 413 1108 suam
448 1077 658 1118 descripserit,
681 1078 801 1108 scilicet
824 1083 859 1108 ut
884 1077 1034 1118 operibus
1058 1079 1126 1109 suis
1150 1081 1233 1109 esset
1257 1079 1346 1119 quasi
1372 1088 1532 1110 commen-

322 1134 438 1165 tarius:
477 1144 549 1164 nam
585 1134 615 1164 id
649 1135 751 1175 egisse
782 1134 989 1173 Heerenium,
1014 1138 1050 1165 ut
1074 1144 1107 1165 se
1133 1135 1313 1166 defenderet
1337 1138 1445 1166 contra
1469 1145 1533 1175 eos,

317 1191 372 1230 qui
397 1191 626 1221 contenderant
650 1201 722 1222 eum
748 1201 811 1221 non
838 1201 906 1222 esse
930 1191 1112 1232 linguarum
1138 1192 1214 1223 satis
1238 1192 1375 1232 peritum
1396 1192 1531 1233 ideoque

314 1246 400 1277 haud
424 1257 496 1277 raro
520 1256 667 1287 perverse
692 1248 917 1288 argumentari.

358 1303 451 1333 Viam
485 1303 570 1334 illam
603 1314 728 1342 novam,
760 1314 856 1345 quam
888 1304 972 1344 apud
997 1303 1173 1335 Germanos
1197 1304 1370 1345 philologia
1394 1305 1425 1335 id
1450 1308 1527 1336 tem—

313 1361 399 1400 poris
423 1360 669 1401 ingrediebatur,
693 1362 754 1391 iam
780 1365 847 1392 tum
873 1360 981 1392 Geelio
1006 1371 1099 1392 curas
1125 1362 1262 1392 movisse
1287 1371 1327 1392 ex
1352 1362 1401 1392 his
1423 1362 1528 1393 verbis

313 1420 456 1457 apparet:
489 1416 571 1456 „Het
596 1418 708 1457 schiJ'nt
729 1417 986 1457 onbetwistbaar,
1009 1417 1062 1448 dat
1086 1417 1146 1448 alle
1170 1418 1281 1448 critiek
1306 1427 1346 1458 op
1382 1428 1398 1448 z
1413 1418 1526 1449 aken

315 1474 361 1504 uit
396 1473 434 1504 de
469 1474 552 1505 oude
582 1474 801 1515 geschiedenis
833 1477 1005 1515 toegepast,
1037 1474 1105 1504 zich
1130 1474 1285 1505 volstrekt
1309 1477 1339 1505 te
1364 1484 1461 1505 voren
1488 1484 1526 1516 op

314 1530 351 1560 de
387 1540 414 1560 w
429 1531 601 1562 oorden
634 1534 716 1562 moet
739 1531 893 1572 geoefend
918 1541 956 1563 en
982 1531 1148 1572 gescherpt
1172 1531 1312 1562 hebben:
1338 1532 1404 1562 niet
1426 1531 1526 1562 alleen

313 1596 439 1627 wegens
475 1587 528 1618 het
563 1597 696 1619 naauwe
734 1588 885 1628 verband,
921 1588 973 1618 dat
1005 1588 1157 1619 tusschen
1189 1588 1337 1618 woorden
1362 1597 1401 1619 en
1426 1587 1525 1619 zaken

312 1642 441 1683 bestaat,
467 1654 553 1674 maar
577 1645 637 1675 ook
662 1645 768 1675 omdat
789 1645 827 1675 de
847 1647 957 1684 eerste,
976 1644 1022 1675 als
1043 1644 1287 1685 voorbereiding
1298 1648 1343 1675 tot
1356 1644 1394 1675 de
1406 1645 1527 1683 laatste,

312 1708 391 1730 even
428 1700 644 1741 noodzakelijk
679 1702 706 1731 is
738 1701 784 1732 als
816 1701 868 1732 het
893 1701 1038 1742 voorspel
1063 1711 1122 1731 van
1149 1701 1209 1732 den
1234 1701 1358 1740 athleet,
1384 1701 1434 1732 die
1456 1701 1525 1731 zich

311 1756 345 1786 in
370 1756 421 1787 het
444 1757 589 1797 gezwind
616 1757 764 1798 bewegen
790 1767 850 1788 van
876 1758 904 1788 al
929 1758 1008 1798 ziJ'ne
1028 1757 1214 1797 ledematen,
1237 1766 1275 1788 en
1300 1759 1333 1788 in
1359 1757 1412 1788 het
1432 1767 1524 1798 span-

312 1822 373 1843 nen
407 1823 468 1843 van
496 1814 525 1844 al
551 1815 630 1854 ziJne
654 1815 777 1855 spieren
805 1814 944 1854 oefende,
969 1815 1050 1845 v66r
1074 1814 1127 1845 dat
1148 1814 1188 1854 hij
1214 1814 1275 1844 den
1300 1814 1524 1854 worstelkamp

310 1869 531 1901 aanvaardde‘'
545 1869 576 1908 ⁴).

353 1980 371 2019 ξ
408 1981 436 2010 4.
471 1981 566 2012 Anno
600 1982 683 2012 1820
715 1992 733 2013 a
757 1981 913 2013 Societate
938 1982 1066 2012 Artium
1093 1984 1124 2012 et
1147 1980 1372 2012 Doctrinarum
1397 1980 1522 2012 Rheno-

341 2132 368 2163 1)
386 2132 449 2156 Inde
468 2141 482 2156 a
501 2141 525 2163 p.
543 2132 650 2164 305-p,
667 2133 724 2158 311.

341 2171 368 2202 ⁶2)
386 2172 420 2196 l.l.
439 2180 463 2202 p.
481 2171 537 2196 308.

341 2210 368 2240 3)
386 2211 490 2235 Titulus
518 2212 598 2236 libelli
618 2213 660 2237 hic
679 2216 734 2236 est:
756 2213 962 2244 „Levensschets
982 2220 1030 2236 van
1051 2213 1079 2237 A.
1098 2213 1128 2236 H.
1147 2213 1174 2236 L.
1194 2213 1307 2243 Heercn,
1325 2213 1388 2236 door
1407 2213 1520 2236 hemzel-

308 2257 368 2278 ven,
395 2253 431 2273 tot
459 2251 532 2274 beter
559 2252 681 2275 verstand
710 2253 791 2284 zijner
818 2253 955 2281 selu-istem
983 2252 1198 2282 medegedeeld”;
1226 2252 1313 2275 editus
1339 2255 1379 2275 est
1406 2252 1521 2278 a.182‘2,

308 2289 394 2320 Uagae
413 2289 530 2319 Cornifi&
547 2291 615 2321 apud
633 2291 654 2314 .Ῐ.
674 2292 757 2315 Allart
775 2294 800 2315 et
820 2292 876 2315 Soc.

340 2328 366 2355 4)
386 2329 420 2352 l.l.
441 2336 464 2359 p.
483 2329 538 2354 XII.
557 2337 595 2359 sq.
