1673 2768
713 315 774 344 109

135 409 263 450 aliique,
295 418 376 449 quos
407 411 553 439 accurate
576 408 718 449 explorat
742 408 896 438 Plehnius
920 409 952 438 in
977 407 1137 439 Lesbiacis
1162 419 1188 449 p.
1215 409 1254 439 37
1281 418 1348 448 sqq.

134 464 286 503 Πκρέντκς
310 464 444 496 refertur
468 465 506 495 ad
531 465 650 495 Priami
675 468 826 505 posteros,
852 464 1032 504 diciturque
1056 466 1088 494 in
1110 465 1157 503 iis,
1172 474 1253 504 quae
1268 465 1350 495 ultro

134 522 204 552 sine
239 522 442 551 contentione
473 520 655 551 eedentur”.
687 520 804 558 Λέσβεν
836 532 870 551 τε
894 524 1085 561 acceperunt
1109 520 1225 561 Emper
1249 524 1279 551 et
1304 520 1351 551 De

134 578 264 615 Arnim3
289 587 345 617 pro
373 577 521 615 πκρὲντκς
544 576 591 607 De
613 578 723 607 Arnim
751 580 855 607 autem
878 576 1115 607 Wilamowitzii
1137 578 1350 607 coniecturam

135 632 283 671 πχρέντων
307 634 434 674 accepit.

176 689 227 720 Ad
252 700 279 730 p.
305 689 387 720 4690
413 694 536 730 praeter
558 689 589 720 M
610 690 734 720 codices
756 689 1001 720 circumferunt:
1025 689 1073 719 διὰ
1098 689 1130 720 τί
1152 690 1182 720 δὲ
1207 689 1350 720 τεσεύτων

135 745 394 782 πεπσλιτευμένων
429 746 497 783 rrxp'
536 746 605 783 ἡμῖν
641 745 746 784 ἀνδρῶν
782 745 955 784 ἐπιχωρίων,
989 748 1190 780 ποιητῶν,
1221 745 1350 783 ῥητόρων,

133 801 308 840 φιλεσέῼπν
323 826 328 831 .
345 826 351 831 .
368 826 374 831 .
412 802 554 832 σύδέπετε
588 801 681 837 εὗδεὶς
706 802 870 839 ἐτόλμησεν
897 803 967 839 ἡμῖν
992 801 1213 839 συμβευλεῦσκι
1238 801 1351 836 ταύτην

134 859 187 894 τὴν
222 857 416 895 συμβσυ).ίκν,
451 858 558 889 Codex
584 858 614 888 M
640 869 696 899 pro
722 859 820 890 verbo
846 861 972 893 ποιητῶν
997 859 1128 890 exhibet
1149 859 1187 893 εἰς
1213 860 1349 893 πςιητῶν,

134 915 219 945 unde
254 914 329 946 Geel
365 916 499 945 coniecit
536 915 716 949 εἷσπεικτεῖν,
753 925 836 956 „quo
873 914 943 953 Dio,
977 916 1090 956 inquit,
1123 916 1172 946 vel
1197 916 1294 946 lectos
1318 915 1350 944 in

134 975 280 1002 senatum
316 972 509 1002 intellexerit
543 972 592 1009 (cf.
618 982 645 1012 p.
672 971 767 1009 543b)
795 972 842 1003 vel
867 971 985 1012 quibus
1009 972 1060 1002 ius
1085 972 1223 1002 civitatis
1248 971 1350 1002 dedis-

134 1031 204 1058 sent
226 1027 505 1059 Nicomedenses'’.

177 1139 208 1170 C.
233 1139 298 1170 Iam
326 1143 506 1180 sequuntur
529 1140 592 1170 duo
617 1140 687 1177 loci,
712 1139 830 1180 quibus
856 1139 930 1170 Geel
955 1142 1077 1170 textum
1104 1139 1283 1170 emendavit
1307 1149 1347 1170 ex

136 1195 249 1227 Dionis
274 1196 432 1234 sontibus3
458 1199 534 1226 sunt
560 1200 664 1226 autem
691 1196 879 1226 documenta
903 1196 1073 1236 perlucida.

178 1253 227 1283 Ad
262 1263 290 1293 p.
311 1253 371 1282 2721
403 1262 476 1293 pars
499 1252 644 1282 codicum
671 1252 763 1282 habet
788 1252 906 1282 σελίνων
930 1264 964 1282 τε
988 1251 1037 1282 και)
1063 1251 1173 1290 ἑτέρων,
1199 1252 1253 1282 sed
1279 1252 1349 1282 reli-

133 1310 187 1349 qui
214 1309 338 1340 codices
363 1308 500 1349 (UBV)
524 1312 631 1339 carent
656 1308 760 1339 verbis
785 1308 835 1338 uxi
862 1308 971 1346 ἐτέρων.
994 1308 1043 1338 Ex
1068 1308 1183 1347 Odyss.
1206 1320 1218 1338 ε
1240 1317 1285 1338 vs.
1309 1308 1348 1337 72

133 1364 173 1395 ἴου
209 1365 258 1401 ἠδὲ
289 1365 402 1396 eremum
435 1365 510 1396 Geel
543 1365 626 1405 apud
653 1364 785 1395 Dionem
811 1365 991 1396 emendavit
1016 1364 1135 1395 σελίνων
1159 1376 1191 1394 τε
1215 1363 1266 1394 ux}
1292 1363 1348 1397 ἴων,

132 1432 226 1463 quam
252 1422 502 1453 emendationem
529 1426 719 1462 acceperunt
746 1421 861 1461 Emper
886 1425 915 1452 et
940 1420 987 1452 De
1011 1422 1136 1451 Arnim.

176 1478 208 1509 P.
248 1479 328 1509 1170
363 1488 402 1509 ex
440 1478 544 1509 verbis
580 1478 717 1516 ἀργυροῦς
753 1481 901 1516 κρκτῆρκς
934 1477 949 1513 >J
984 1477 1134 1512 ποικίλως
1167 1476 1343 1511 πέπλουςῆ

129 1534 290 1574 τέθριππιν
323 1535 338 1570 ἢ
370 1534 410 1565 ταὶ
443 1534 565 1569 Ἑλένης
588 1533 639 1564 xxi
663 1534 802 1565 Μενέλεω
827 1533 1011 1572 Τηλεμάχῳ
1035 1534 1110 1572 δῶρκ
1130 1535 1248 1564 secutis
1272 1533 1345 1563 Em-

132 1593 218 1632 perio
254 1596 284 1622 et
321 1592 466 1622 Arnimio
503 1592 595 1622 eiecit
630 1590 646 1625 ἢ
683 1595 756 1622 ante
794 1590 835 1621 w>
868 1590 1000 1629 Ἑλένης,
1027 1600 1118 1629 „nam
1145 1590 1227 1620 dona
1253 1589 1346 1619 modo

130 1651 324 1687 enumerata,
359 1648 468 1679 eadem
503 1650 587 1687 sunt,
624 1657 705 1688 quae
735 1646 920 1678 Telemacho
953 1647 1108 1677 dederunt
1134 1646 1298 1677 Menelaus
1319 1648 1349 1676 et

132 1704 270 1735 Helena:
297 1705 358 1735 vid.
382 1704 474 1735 Hom.
500 1703 556 1735 Od.
583 1703 656 1743 XV,
683 1704 754 1743 1157
781 1704 852 1733 125.
876 1703 932 1742 IV,
958 1702 1052 1734 590st

175 1816 211 1846 D.
247 1817 379 1857 Aliquot
415 1816 571 1856 exemplis
608 1815 770 1846 ostendam
798 1815 942 1846 Geelium
967 1815 1093 1854 saepius
1118 1823 1203 1844 mera
1227 1815 1348 1844 coniec-

130 1876 201 1903 tura
226 1872 338 1903 Dionis
362 1875 485 1903 textum
511 1873 698 1903 restituisse.

176 1929 308 1960 Maximi
333 1930 484 1959 momenti
508 1930 541 1959 in
567 1929 625 1959 hoe
649 1937 765 1969 genere
789 1931 865 1958 sunt
889 1927 959 1966 loci,
984 1927 1103 1967 quibus
1116 1927 1250 1957 coniecit
1263 1926 1348 1966 quod

130 1987 161 2016 in
198 1985 362 2017 codicibus
397 1989 505 2026 postea
529 1985 652 2016 collatis
677 1986 831 2025 scriptum
857 1982 1068 2021 invenitur1).
1094 1983 1223 2014 Contuli
1249 1982 1348 2013 Geelii

129 2043 162 2072 in
187 2043 346 2073 orationes
370 2042 427 2072 XI.
452 2045 482 2073 et
506 2041 580 2072 XII.
606 2043 804 2072 coniecturas
829 2051 901 2071 cum
928 2041 1025 2071 variis
1048 2039 1238 2070 lectionibus
1263 2038 1349 2079 apud

130 2098 314 2140 Emperium
350 2102 380 2130 et
414 2100 595 2129 Arnimium
629 2099 806 2129 annotatis:
841 2101 905 2128 tres
928 2097 959 2127 id
984 2106 1087 2137 genus
1112 2096 1349 2127 emendationes

129 2156 245 2186 inveni.
282 2155 464 2186 Orationem
501 2155 575 2186 XII.
611 2156 701 2196 elegi,
736 2155 822 2195 quod
847 2145 922 2185 Geel
947 2154 1044 2184 huius
1067 2153 1219 2183 orationis
1244 2153 1349 2182 varias

165 2295 192 2324 1)
211 2295 290 2319 Cobet
308 2295 396 2319 Geelio
416 2296 521 2326 scripsit
541 2295 683 2327 („Brieven
703 2302 752 2318 van
772 2294 851 2318 Cobet
871 2301 920 2317 aan
940 2293 1019 2317 Geel'‘
1040 2300 1063 2323 p.
1082 2291 1140 2318 410)
1164 2292 1270 2323 optimis
1281 2292 1351 2315 codi-

132 2334 207 2359 cibus
235 2335 254 2358 P
271 2337 297 2359 et
317 2335 337 2359 V
355 2335 453 2359 multas
470 2336 637 2359 coniecturas
656 2334 811 2363 szauhoni,
831 2333 940 2364 Reiskii,
958 2332 1041 2357 Geelii
1063 2334 1269 2363 praeoccupatas
1287 2338 1352 2355 esse.
