1673 2768
709 320 750 349 69

124 422 180 443 ver
214 411 360 443 l’editeur
392 410 470 452 qu’il
495 412 540 442 lui
565 412 640 450 faut,
661 412 692 451 je
718 421 766 442 me
790 412 857 441 suis
883 411 1007 449 desiste,
1032 420 1070 440 en
1095 409 1204 440 faveur
1230 410 1268 439 de
1293 410 1332 439 M.

123 468 154 498 L.
191 468 333 508 Dindorf,
369 469 423 508 qui
460 469 621 498 m’honore
653 468 691 498 de
727 477 783 498 son
816 467 931 505 amitie,
964 467 1006 496 du
1038 466 1110 506 plan
1136 475 1198 506 que
1218 466 1332 505 j'avais

123 535 224 565 concu
260 525 298 555 de
333 524 458 565 publier
488 528 557 555 tout
581 525 609 555 19
632 527 718 555 texte
742 524 784 554 du
809 522 1137 563 rheteur-philosophe
1162 523 1200 553 de
1223 522 1332 556 Pruse.

121 580 241 611 J’avais
268 580 329 611 1991
353 580 473 611 99191119
498 590 563 611 mes
587 580 686 610 forces
710 583 741 610 91
765 579 794 610 19
818 582 927 619 temps,
952 588 1014 619 que
1039 588 1088 609 me
1111 579 1242 610 laissent
1266 589 1332 611 mes

122 637 326 677 occupations
363 636 532 667 officielles.
569 636 607 666 M.
646 635 782 666 Dindorf
815 645 864 666 me
900 636 1011 675 permit
1047 635 1085 665 de
1116 635 1241 675 joindre
1266 645 1332 667 mes

121 703 304 734 remarques
329 703 368 723 au
394 694 619 723 commentaire
644 692 721 732 qu’il
746 702 779 722 se
803 692 963 732 proposait
984 691 1022 722 de
1042 691 1181 732 rediget:
1196 691 1226 722 19
1239 692 1332 723 chose

122 759 160 780 ne
185 750 317 790 pressait
343 759 414 789 pas:
442 750 462 779 il
487 749 585 779 fallait
610 749 648 779 de
672 749 807 788 premier
830 747 927 778 abord
951 747 1140 779 rassembler
1160 748 1214 779 des
1235 750 1331 780 mate-

120 807 230 836 riaux:
258 805 298 835 M.
324 805 461 836 Diudorf
481 806 569 836 allait
593 816 625 835 se
652 808 761 836 mettre
785 805 1032 835 incessamment
1055 804 1329 845 9191199οὲ99,-

120 863 248 903 lorsque
272 862 327 893 des
352 863 594 901 circonstances,
619 862 695 892 dont
715 861 851 902 j’ignore
875 861 904 892 19
929 864 1049 901 nature,
1074 860 1289 902 l'engagerent
1313 863 1332 892 9

120 920 268 959 cooperer
293 920 310 948 9
333 919 363 948 19
387 919 545 949 redaction
571 918 608 949 de
632 919 661 948 19
686 918 835 949 nouvelle
856 918 973 948 edition
995 917 1038 948 du
1061 917 1301 949 Thesauru
1316 928 1330 949 s

120 975 200 1006 Grec
235 966 497 1005 d’Estienne....
536 974 641 1011 Quant
677 976 694 1004 a
730 975 793 1005 moi
813 974 845 1014 Je
869 973 942 1005 n’en
968 974 1070 1005 verrai
1095 974 1251 1015 peut-&tre
1274 985 1330 1015 pas

119 1032 148 1061 la
171 1031 225 1071 fin,
251 1034 280 1062 et
303 1030 344 1061 M.
369 1030 506 1062 Dindorf
528 1040 566 1060 99
592 1029 633 1061 91’
658 1040 806 1061 accusem
830 1040 886 1071 pas
910 1030 1329 1072 d'inconstance,lors-qu'il

118 1087 294 1128 apprendra
325 1097 387 1128 que
414 1086 470 1127 j'ai
494 1087 673 1118 retravaille
698 1096 764 1118 mes
789 1090 878 1118 notes
903 1097 958 1118 sur
982 1086 1064 1117 Dion
1091 1090 1121 1118 et
1145 1097 1207 1128 que
1228 1088 1260 1128 je
1283 1088 1329 1119 les

118 1145 148 1174 ai
184 1144 280 1175 mises
315 1153 390 1174 sous
414 1153 530 1184 presse.
555 1143 615 1174 Les
638 1153 688 1174 ne
703 1143 751 1174 uf
782 1145 956 1175 annees
980 1142 1136 1175 d’Horace
1160 1146 1214 1175 ont
1238 1145 1330 1184 passe

117 1210 173 1230 sur
197 1210 232 1231 ce
256 1201 332 1241 petit
356 1198 499 1230 travail”.

160 1256 199 1287 In
224 1257 332 1288 eadem
357 1257 493 1297 epistula
513 1257 588 1288 Geel
608 1259 741 1288 conatus
761 1259 808 1288 est
822 1257 1036 1288 demonstrare
1061 1256 1160 1294 Κόμης
1183 1256 1329 1295 ἐγκώμιον

117 1323 180 1344 non
205 1323 274 1345 esse
298 1317 484 1354 excerptum
509 1313 644 1353 Synesii,
669 1314 723 1344 sed
747 1314 961 1354 fragmentum
985 1313 1096 1344 Dionis
1120 1314 1205 1354 apud
1229 1313 1327 1353 Syne-

116 1371 199 1400 sium
223 1372 392 1401 servatum.
417 1369 604 1410 Suspicatur
627 1369 761 1400 Dionem
786 1371 934 1401 iuvenem
960 1370 1009 1401 vel
1031 1370 1164 1401 fortasse
1183 1371 1328 1402 exsulem

115 1427 350 1457 exercitationis
386 1436 492 1467 causa,
526 1427 568 1457 ita
603 1430 638 1457 ut
673 1426 905 1466 Ciceronem1),
939 1427 1172 1467 prooemiorum
1196 1428 1328 1468 copiam,

115 1484 176 1513 iam
201 1486 370 1524 antequam
396 1493 476 1524 opus
500 1486 592 1523 esset,
616 1493 818 1524 praeparasse
833 1481 865 1523 2).
886 1483 1113 1524 Fragmentum
1134 1485 1328 1525 comparavit

115 1549 189 1570 cum
224 1539 336 1570 Dionis
372 1541 512 1570 oratione
544 1539 610 1569 LII.
647 1539 832 1580 Sequuntur
864 1540 1011 1570 undecim
1036 1540 1326 1572 animadversiones

115 1596 250 1635 criticae,
304 1596 421 1636 quibus
471 1597 633 1627 materiam
680 1596 891 1637 praebuerant
939 1597 1044 1627 variae
1090 1597 1241 1628 lectiones
1287 1607 1326 1628 ex

116 1652 241 1683 duobus
265 1652 391 1692 Synesii
416 1653 588 1693 codicibus,
614 1663 693 1693 quas
717 1653 803 1684 Hase
827 1653 866 1684 ad
891 1663 963 1684 eum
989 1654 1116 1685 miserat
1129 1654 1161 1693 ³).

159 1708 247 1745 Quae
283 1710 358 1740 Geel
393 1712 466 1741 ante
499 1720 525 1740 a.
564 1710 647 1740 1840
684 1710 722 1741 de
758 1709 889 1740 Dioneis
925 1711 1058 1751 scripsit,
1090 1711 1153 1742 iam
1176 1712 1267 1742 attuli
1294 1713 1326 1742 in

115 1766 260 1797 Sectione
296 1766 319 1797 I.
356 1777 382 1807 p.
419 1767 469 1797 26.
505 1766 679 1798 Occasione
714 1767 818 1797 oblata
852 1777 915 1797 non
947 1768 1175 1807 praetereunda
1200 1769 1326 1799 videtur

115 1822 214 1853 Geelii
239 1823 462 1853 commentatio
487 1823 525 1854 de
550 1823 661 1854 Dionis
685 1823 827 1854 Historia
852 1824 1001 1855 Getarum
1026 1835 1052 1854 9.
1079 1825 1161 1855 1841
1188 1825 1325 1865 recitata,

114 1880 146 1909 in
180 1890 243 1920 qua
274 1881 447 1911 coniecisse
479 1880 603 1911 videtur
628 1880 740 1911 Dionis
765 1881 873 1911 Getica
896 1881 996 1912 fuisse
1021 1881 1138 1912 librum
1159 1882 1323 1922 91119οἕ19-

115 1936 242 1975 phicum
258 1935 289 1974 4).

147 2101 174 2133 1)
192 2102 228 2126 Cn.
246 2103 291 2133 Ep.
310 2102 340 2125 ad
361 2103 414 2126 ΑΗ.
434 2103 498 2126 XVI.
517 2103 540 2127 6.

147 2142 173 2171 2)
194 2142 228 2165 De
248 2142 339 2165 Arnim
358 2150 372 2165 a
390 2143 471 2166 Geelii
490 2143 621 2166 sententia
642 2143 715 2166 valde
734 2143 834 2172 di11‘ert;
855 2146 929 2174 putat
950 2143 989 2172 Ἐς
998 2153 1082 2171 masmana
1101 2145 1176 2175 „Dios
1192 2145 1325 2169 durchaus

116 2181 281 2212 unwux·dig”.
299 2181 413 2212 („Leben
434 2182 487 2206 und
508 2182 606 2205 Werke
624 2182 670 2205 des
690 2183 735 2206 Dio
754 2190 803 2206 von
824 2183 921 2207 Prusa*
941 2191 962 2208 a.
981 2183 1046 2207 1898
1065 2192 1087 2214 p.
1110 2184 1174 2215 154.)

146 2220 173 2250 3)
193 2221 228 2243 De
255 2221 302 2244 hac
319 2221 431 2251 epistula
451 2222 478 2245 F.
499 2220 536 2245 W.
555 2221 579 2245 S.
599 2222 727 2245 iudiciuin
746 2222 818 2245 dedit
837 2222 863 2246 111
883 2223 974 2252 diario,
993 2224 1035 2247 cui
1055 2231 1151 2247 90111911
1172 2224 1255 2255 „Gott
1276 2224 1325 2248 Ge-

114 2260 199 2283 lehrte
218 2260 304 2289 Anz.“‚
322 2261 346 2284 d.
363 2260 396 2283 30
414 2268 448 2284 m.
468 2261 527 2284 Maii
548 2268 570 2285 a.
589 2260 660 2284 1840.
679 2261 728 2289 Qui
748 2262 825 2285 iudex
845 2269 906 2285 cum
925 2262 1012 2286 Geelio
1031 2263 1100 2287 fecit.

147 2299 173 2328 4)
192 2298 229 2322 Cf.
249 2299 406 2330 „Verslagen
422 2308 453 2323 en
473 2300 697 2331 Mededeelingen,
716 2301 872 2331 uitgegeven
891 2302 954 2325 door
972 2302 1003 2325 de
1024 2302 1078 2326 vier
1097 2302 1201 2326 klasseu
1220 2310 1268 2327 van
1282 2303 1326 2327 het

115 2338 266 2370 Koniuklijk
295 2339 491 2363 Nederlandseh
520 2340 664 2363 Instituut''
693 2348 715 2364 a.
741 2340 802 2364 ‘1841
833 2349 856 2371 p.
884 2340 939 2365 191.
960 2342 995 2365 De
1016 2342 1104 2365 Dionis
1123 2343 1239 2373 historia,
1258 2350 1326 2373 quae
