1673 2768
870 276 931 305 122

294 368 421 407 quidem
458 367 545 409 („nil
580 369 642 399 nisi
678 368 894 408 repetitionem
933 376 1068 407 eamque
1099 367 1280 407 languidam
1313 367 1504 410 contineff'),

293 423 348 454 sed
384 427 489 455 tamen
525 428 646 455 servat:
685 428 831 463 „maneat
865 424 951 464 quod
976 423 1140 454 verbosius
1164 424 1302 454 inculcat
1327 424 1505 464 Polynices,

294 479 411 520 quibus
446 480 686 512 condicionibus
722 491 739 511 a
764 480 845 511 bello
870 480 1022 511 desistere
1045 482 1173 520 paratus
1198 479 1267 511 sit”.
1292 479 1339 511 De
1364 490 1407 511 vs.
1433 481 1505 520 946,

294 537 349 576 qui
384 536 613 568 Valckenaerio
649 540 816 577 suspectus
852 540 908 574 est,
944 536 1052 567 eodem
1089 536 1153 568 fere
1177 537 1270 567 modo
1295 536 1426 577 dubitat,
1450 537 1505 568 sed

293 596 406 624 servat.
432 593 503 624 Vss.
531 594 744 624 1369-1371
772 598 864 624 acuta
889 594 1102 633 disputatione
1126 603 1180 633 per
1204 596 1272 624 octo
1296 593 1361 624 fere
1374 594 1505 634 paginas

294 649 406 680 menda
442 650 546 680 inesse
581 650 787 689 demonstrat,
824 649 961 680 medelas
985 650 1165 690 ingeniosas
1190 649 1287 689 affert,
1308 649 1362 680 sed
1387 649 1426 680 ad
1450 659 1505 680 ex-

293 708 447 736 tremum:
487 706 626 747 „quibus
662 707 737 737 haec
772 706 945 746 disputatio
982 716 1050 737 mea
1085 706 1123 737 de
1158 707 1206 737 his
1231 706 1334 737 tribus
1359 706 1505 737 versibus

294 771 354 792 non
393 762 503 803 placet,
539 772 594 803 per
627 773 676 794 me
700 764 772 793 licet
799 763 1061 793 Valckenaerium
1087 766 1273 803 sequantur,
1298 772 1416 803 eosque
1440 773 1505 794 una

292 818 389 849 litura
413 819 567 850 deleant''.

338 873 387 905 Ex
412 877 558 906 instituto
583 886 641 906 suo
666 877 827 906 rarissime
851 876 882 906 in
909 878 1032 906 textum
1058 877 1176 916 recepit
1201 875 1286 914 Geel,
1313 876 1417 916 „quod
1442 886 1504 906 non

293 931 422 962 haberet
446 932 584 973 aliquam
610 933 788 963 traditionis
812 932 1053 963 auctoritatem’'
1070 930 1103 972 1).
1127 931 1239 972 Neque
1263 933 1354 963 uncis
1374 933 1505 963 inclusit

294 997 397 1028 neque
433 989 533 1028 eiecit,
568 990 601 1019 ni
636 989 735 1028 fallor,
773 989 873 1019 ullum
907 998 1051 1027 versum3
1077 998 1140 1029 qua
1163 989 1196 1018 in
1221 998 1255 1019 re
1279 988 1350 1029 plus
1374 993 1505 1029 peccant

294 1044 491 1076 Valckenaer
515 1049 544 1076 et
570 1045 618 1076 vel
642 1046 853 1076 recentissimi
876 1045 1020 1076 editores.
1044 1044 1092 1076 Ne
1116 1055 1160 1075 vs.
1190 1044 1272 1075 1634
1298 1045 1426 1085 quidem
1451 1054 1505 1075 ex-

296 1103 421 1141 punxit,
445 1103 500 1142 qui
524 1103 667 1132 omnium
693 1102 757 1133 fere
782 1102 938 1133 editorum
964 1111 1122 1132 consensu
1146 1101 1284 1141 reicitur,
1308 1104 1344 1131 ut
1356 1110 1396 1132 ex
1408 1100 1504 1142 Soph.

294 1158 400 1199 Antig.
427 1169 471 1189 vs.
497 1159 538 1189 29
562 1159 677 1190 illatus.

338 1270 437 1301 Geelii
472 1271 504 1300 in
540 1280 574 1301 re
605 1272 734 1302 metrica
769 1272 906 1302 rationes
931 1271 1040 1312 paucis
1065 1270 1228 1301 absolvere
1252 1280 1398 1311 possum:
1424 1269 1505 1301 Her-

293 1327 401 1357 manni
426 1328 510 1357 enim
536 1327 593 1358 hac
617 1328 649 1357 in
674 1337 708 1359 re
731 1329 951 1358 auctoritatem
977 1329 1122 1368 sequitur
1135 1326 1176 1369 ²),
1201 1327 1309 1358 laudat
1332 1327 1504 1358 identidem

292 1383 361 1413 eius
384 1384 549 1424 ingenium
574 1386 604 1415 et
627 1384 672 1415 rei
697 1385 847 1415 metricae
871 1385 1026 1424 peritiam.

335 1439 471 1471 Tantum
508 1441 538 1471 in
576 1450 609 1471 re
646 1442 775 1472 metrica
811 1444 846 1472 ut
879 1442 922 1472 ita
957 1441 1059 1472 dicam
1084 1440 1232 1472 inferiore
1256 1440 1295 1471 ab
1319 1439 1504 1471 Hermanno

293 1496 411 1527 differt:
449 1497 535 1527 velut
574 1507 618 1527 vs.
655 1498 717 1527 312
754 1507 800 1538 sq.
827 1497 1042 1538 antistrophae
1066 1507 1162 1528 causa
1185 1496 1349 1527 Hermann
1375 1499 1404 1527 et
1429 1495 1504 1527 Geel

293 1556 428 1594 uterque
463 1563 521 1584 suo
556 1554 649 1584 modo
674 1558 797 1585 mutare
822 1554 966 1592 student3
992 1557 1063 1594 post
1086 1563 1131 1584 vs.
1159 1554 1238 1583 1341
1266 1553 1426 1584 senarium
1451 1562 1504 1583 ex-

293 1610 408 1641 cidisse
442 1613 532 1651 putat
555 1610 730 1651 Hermann,
756 1611 863 1642 Geelio
887 1614 993 1642 autem
1018 1610 1079 1641 alia
1103 1611 1181 1641 ratio
1205 1610 1396 1651 probabilior
1420 1609 1505 1640 vide-

293 1669 359 1697 tur:
385 1676 430 1698 vs.
458 1667 552 1707 1343,
576 1677 685 1698 revera
708 1668 893 1708 pessimum,
917 1667 1057 1708 expellit.

326 2063 353 2094 1)
372 2063 413 2087 Vs.
439 2062 471 2087 34
498 2063 525 2086 in
552 2065 656 2087 textum
682 2062 781 2092 recepit
810 2061 983 2085 Straboniana
1009 2062 1063 2087 τοὺς
1089 2062 1201 2087 τεκόντκς
1231 2068 1277 2091 pro
1303 2061 1357 2087 τοὺς
1381 2060 1506 2090 φύσαντας

294 2103 339 2134 (cs.
365 2103 445 2127 huius
462 2102 591 2126 Sectionis
610 2110 633 2133 p.
651 2101 696 2125 121
717 2104 744 2125 et
763 2109 818 2132 cap.
835 2101 904 2131 111.);
924 2108 960 2125 vs.
977 2099 1025 2124 612
1045 2107 1090 2131 pro
1109 2099 1134 2122 οὐ
1154 2100 1245 2129 θεμιτόν
1264 2108 1298 2122 σοι
1317 2107 1392 2124 suam
1411 2107 1425 2124 e
1443 2107 1505 2124 eon—

294 2143 395 2166 iectura
427 2142 612 2173 Musgraviana
643 2141 833 2166 correctionem
865 2140 892 2163 vil
918 2149 943 2163 σε
970 2140 1061 2168 θεμιτόν
1087 2139 1186 2170 recepit
1215 2138 1364 2169 (Wecklein
1391 2139 1505 2171 neglexit

294 2182 474 2213 Musgmvium
507 2182 649 2206 coniecisse
681 2180 706 2204 οὐ
740 2181 831 2209 θεμιτόν
864 2181 914 2211 σε);
943 2183 999 2210 post
1027 2187 1062 2203 νς.
1090 2178 1151 2202 1381
1181 2179 1259 2202 verba
1286 2179 1352 2209 λοξὸν
1377 2178 1507 2207 βλέποντες

295 2221 426 2250 ἐμτύροισιν
443 2222 547 2250 'du-sumu
565 2221 785 2246 Valckenaerium
803 2223 911 2244 secutus
929 2220 1040 2243 inseruit
1060 2219 1104 2249 (cf.
1122 2218 1202 2242 huius
1221 2217 1349 2242 sectionis
1366 2226 1389 2249 p.
1404 2218 1473 2245 1⁶21).

327 2261 354 2292 ς2)
375 2262 532 2285 Praesertim
550 2269 612 2285 eum
631 2261 782 2284 Hermanno
803 2261 865 2284 facit
877 2260 902 2283 in
913 2259 1028 2289 strophis
1038 2258 1248 2288 etantistrophis
1258 2257 1414 2287 dividendis,
1426 2258 1505 2281 etiam

294 2301 326 2324 ad
357 2308 407 2324 vss.
433 2300 491 2331 304,
510 2300 582 2331 1340,
600 2300 665 2324 1485
684 2307 749 2331 sqq„
767 2307 834 2330 quae
854 2300 911 2323 eius
928 2299 1069 2322 divisiones
1088 2297 1164 2321 hodie
1182 2297 1369 2328 negleguntur.
