1673 2768
714 337 770 368 131

134 431 203 461 soni
240 441 278 461 an
317 431 546 469 Valckenaerii‚
582 431 637 462 sed
672 431 828 462 contendo
861 431 893 461 id
926 431 1010 471 quod
1037 431 1086 460 hic
1112 440 1198 461 nunc
1223 431 1348 471 scripsit

133 488 243 518 sanius
274 497 343 518 esse
368 487 580 518 Porsoniano:
608 489 639 517 in
666 488 718 518 illa
744 488 827 518 enim
853 488 1009 518 sententia
1033 490 1063 517 et
1087 488 1210 517 actione
1234 496 1347 517 eonve-

134 544 180 574 nit
223 546 258 573 ut
293 544 397 574 omnis
434 544 564 574 affectus
600 548 629 574 et
665 544 948 574 commiserationis
985 543 1173 583 significatio
1208 543 1348 573 Iocastae

133 599 329 630 vindicetur:
368 600 451 640 quod
488 610 550 630 non
588 600 732 630 codicum
765 610 897 630 numero
923 602 978 630 aut
1000 600 1147 640 pondere,
1172 600 1226 630 sed
1251 609 1347 630 sensu

133 656 339 696 dignoscitur,
376 657 431 696 qui
463 657 488 687 si
523 666 570 687 me
594 666 656 686 non
683 657 811 687 omnino
836 656 923 694 fallit,
947 655 1084 693 φιλτάτῃ
1111 657 1252 696 ineptum
1279 665 1348 686 esse

133 712 202 742 iure
224 711 346 742 affirmo
381 712 464 742 Hinc
489 714 635 753 sequitur
659 723 720 743 non
745 713 824 743 male
848 712 1113 743 Valckenaerium
1134 715 1237 751 γερκιᾷ
1250 712 1347 752 scrip-

132 770 198 798 tum
226 768 372 799 voluisse.
397 769 458 799 Sed
484 770 556 809 quis
581 769 724 807 affirmet,
748 772 870 809 praeter
894 768 1126 807 Hermannum,
1139 778 1212 799 eum
1227 768 1347 808 aliquid

135 824 312 862 „recordari
348 825 536 856 noluisse?”
572 825 641 855 Hoc
677 826 940 856 dissimulationis
975 826 1094 856 crimen
1120 828 1176 864 est,
1200 825 1346 865 pravissi-

133 890 201 911 mae
236 881 323 912 illius
348 882 397 912 vel
422 882 453 911 in
480 883 620 912 minimis
644 881 749 920 rebus,
774 882 931 922 siquidem
959 882 1043 922 quod
1068 891 1178 912 verum
1204 884 1251 912 est
1275 890 1347 911 con-

132 935 214 967 fiteri
251 940 381 977 oportet.
418 937 489 968 Non
526 937 656 968 cadebat
692 938 753 968 tale
788 939 900 968 vitium
937 939 968 968 in
1005 938 1091 968 illam
1127 937 1282 967 indolem:
1319 939 1349 967 et

133 993 270 1033 profecto
296 993 399 1024 bonus
425 994 674 1025 Valckenaerius
700 1004 761 1024 non
787 997 908 1035 poterat
931 995 1122 1033 meminisse,
1135 1003 1217 1034 quae
1230 994 1347 1024 nescie-

133 1050 201 1080 bat:
238 1051 353 1081 etenim
390 1052 470 1081 scire
506 1061 568 1081 non
601 1052 703 1092 potuit
735 1050 851 1089 γεραιός
875 1055 904 1082 et
928 1049 1034 1089 γεραιά
1058 1060 1114 1091 pro
1139 1050 1348 1081 substantivis

134 1108 292 1147 usurpari,
316 1117 429 1148 nempe
456 1117 517 1138 non
544 1108 649 1138 addita
674 1109 820 1138 cautione
847 1108 898 1147 „in
920 1108 1064 1138 vocativo
1077 1107 1183 1138 casu''.
1198 1106 1348 1137 Concedit

134 1162 208 1193 Geel
246 1163 348 1194 afferri
385 1173 478 1204 posse
510 1164 665 1194 nonnulla
701 1164 857 1204 exempla,
890 1163 944 1194 ubi
976 1165 1008 1194 in
1033 1164 1093 1194 alio
1118 1173 1248 1204 quoque
1272 1173 1347 1194 casu

133 1229 189 1260 pro
214 1218 424 1251 substantivis
447 1221 662 1259 inveniantur,
686 1220 794 1251 eadem
820 1229 893 1251 vero
918 1229 1080 1260 perperam
1106 1220 1258 1260 explicari
1287 1219 1347 1250 sibi

132 1276 309 1316 persuadet.
346 1276 415 1306 Hoc
450 1286 542 1307 versu
580 1280 670 1317 putat
694 1280 749 1307 aut
773 1286 845 1307 cum
873 1276 1098 1307 Valekenaerio
1123 1276 1346 1317 corrigendum

132 1335 247 1372 γερκιᾷ,
272 1335 327 1363 aut
350 1334 472 1371 γερκιέις
495 1333 693 1373 iungendum
719 1343 788 1364 esse
813 1343 885 1363 cum
911 1333 1116 1373 praecedente
1129 1331 1249 1371 μητρός,
1264 1332 1347 1373 quod

132 1389 264 1428 mavult,
301 1390 472 1430 „quoniam
508 1399 601 1420 omne
636 1399 750 1420 manus
775 1388 887 1429 Oedipi
911 1389 1069 1429 epitheton
1094 1389 1152 1419 hoc
1176 1389 1244 1419 loco
1269 1390 1347 1419 otio-

133 1455 204 1476 sum
233 1444 310 1476 est‘’.

176 1555 246 1587 Mea
285 1556 413 1597 quidem
450 1558 606 1587 sententia
641 1556 811 1597 Hartungii
847 1557 965 1587 iudicio
1001 1556 1264 1587 consentiendum
1300 1559 1347 1587 est

135 1612 229 1651 „dass
265 1612 428 1643 Hermann
465 1613 552 1643 nicht
588 1613 697 1653 nothig
727 1613 843 1653 gehabt
875 1614 967 1652 hatte,
992 1613 1051 1643 den
1078 1613 1347 1644 wohlverdienten

133 1668 230 1699 Mann
265 1671 319 1707 (sc.
360 1668 637 1709 Valckenaerium)
674 1679 708 1700 so
742 1670 997 1710 geringschatzig
1031 1679 1071 1700 zu
1097 1668 1346 1711 behandeln”¹).

132 1725 193 1756 Sed
218 1726 372 1765 impetum
398 1726 430 1756 in
456 1725 721 1757 Valckenaerium
745 1725 864 1756 factum
889 1725 964 1757 Geel
987 1725 1117 1756 feliciter
1138 1726 1345 1766 propulsavit,

176 1781 425 1822 Exspectaverat
451 1800 488 1803 —
515 1785 643 1822 apparet
667 1791 706 1812 ex
731 1782 865 1822 epistula
888 1782 927 1812 ad
948 1781 1163 1812 Hamakerum
1179 1782 1249 1812 data
1264 1781 1346 1823 ²)—

131 1837 354 1869 Hermannum
388 1839 504 1869 iratum
540 1838 616 1869 fore.
653 1838 740 1875 Quae
772 1839 879 1878 opinio
903 1848 975 1869 eum
1001 1838 1119 1878 fefellit,
1143 1848 1215 1869 nam
1241 1838 1347 1879 Lipsia

165 2003 192 2033 1)
210 2004 239 2028 In
265 2003 356 2034 diario,
380 2003 422 2026 cui
442 2010 537 2027 nornen
557 2006 608 2027 est:
629 2003 793 2035 „Zeitsehrist
813 2004 856 2027 sur
873 2003 915 2026 die
934 2002 1307 2035 Alterlhumswissenschaft'',
1324 2011 1348 2027 a.

131 2042 196 2066 1848
214 2043 261 2066 col.
280 2041 328 2066 456
346 2042 390 2071 (cs.
409 2042 489 2066 huius
507 2042 634 2066 Seetionis
653 2050 676 2073 p.
694 2042 743 2066 119
762 2046 816 2073 ΒΨ).

164 2081 191 2113 2)
210 2082 267 2114 „Uit
294 2082 366 2105 Bonn
391 2081 491 2113 schrijl'l
517 2082 561 2113 mij
582 2082 624 2113 (de
644 2082 848 2106 Phoenissarum
867 2082 980 2105 editione
999 2082 1064 2112 agit)
1082 2089 1129 2105 een
1150 2082 1196 2105 der
1215 2082 1347 2113 dasige(n)

132 2122 247 2146 Herren:
275 2129 318 2153 „es
344 2122 378 2145 ist
404 2122 529 2151 misslich,
558 2129 634 2145 wenn
659 2121 766 2152 jemand
792 2121 818 2144 in
838 2121 930 2151 irgend
950 2121 1037 2144 einem
1057 2121 1141 2145 Fache
1161 2129 1211 2145 von
1230 2121 1348 2146 Wissen-

132 2161 216 2185 sebast
243 2168 290 2184 zur
314 2161 431 2184 Dictatur
457 2161 614 2192 gekommen
640 2160 697 2191 ist'',
721 2161 782 2184 deze
800 2160 897 2191 schijnt
917 2161 965 2184 dus
984 2168 1050 2191 geen
1070 2161 1166 2184 middel
1185 2163 1210 2184 te
1228 2161 1284 2184 zien
1304 2169 1346 2185 om

133 2200 266 2224 Hermann
295 2202 320 2223 te
338 2200 445 2223 redden.
464 2200 515 2231 Wij
534 2201 620 2224 zullen
638 2201 694 2224 zien
715 2200 742 2224 of
758 2200 819 2223 deze
838 2200 888 2223 zell*
906 2200 967 2224 boos
987 2200 1078 2230 wordt,
1096 2201 1121 2223 ol
1140 2200 1184 2224 het
1204 2200 1346 2231 gemakke-

132 2239 210 2271 lijker
237 2239 332 2262 vinden
351 2239 388 2262 zal
409 2239 453 2270 mij
474 2242 499 2263 te
519 2240 674 2269 verachten;
693 2239 847 2263 intusschen
865 2239 943 2262 drukt
965 2239 1044 2263 Cobet
1063 2239 1129 2271 zijne
1149 2242 1225 2263 nolen
1245 2247 1277 2270 op
1296 2240 1346 2271 zijn

132 2278 229 2309 Oratie‚
246 2279 344 2302 waarin
364 2278 497 2302 Hermann
517 2286 549 2303 en
567 2279 684 2303 anderen
702 2286 731 2302 er
749 2278 918 2309 erbarmelijk
937 2279 1069 2302 askomen.
1089 2279 1129 2310 ffij
1151 2279 1173 2301 ls
1188 2278 1281 2309 jonger
1296 2279 1347 2302 dan

132 2317 168 2348 ik,
194 2325 227 2341 en
254 2317 280 2340 ik
308 2317 359 2340 laat
380 2317 439 2341 hem
460 2325 532 2341 maar
551 2318 666 2348 hakken,
684 2318 728 2341 dat
746 2317 779 2341 de
796 2317 891 2348 lappen
910 2325 938 2341 er
956 2317 1111 2348 asthegen'l
1128 2317 1210 2347 (Disp.
1227 2317 1277 2341 Lit.
1296 2317 1347 2341 Ha-

133 2356 256 2380 makerae
275 2364 299 2386 p.
316 2355 368 2386 94.)
