1673 2768
676 294 717 322 49

90 385 248 416 Literaria.
286 385 478 416 Procedente
515 396 588 417 vero
624 396 716 426 opere
751 396 813 416 non
850 390 912 416 tam
949 388 1094 427 angustis
1126 387 1245 417 finibus
1270 397 1303 417 se

90 443 377 483 circumscripsisse
413 441 489 473 Geel
524 443 662 482 videtur,
686 453 757 473 nam
786 442 980 481 „censurae”
1006 444 1074 473 eius
1100 447 1130 473 et
1158 444 1302 481 „relatio—

91 497 168 529 nes”
191 499 351 539 pertinent
374 501 439 529 tam
464 499 503 529 ad
528 500 696 540 scriptores
722 499 856 530 Graecos
880 502 910 530 et
935 500 1075 539 priorum
1101 502 1130 530 et
1152 501 1302 540 posterio-

90 565 161 585 rum
197 557 373 595 temporum
411 565 506 595 quam
538 555 577 586 ad
609 556 759 586 tuendam
784 555 916 596 gloriam
941 560 972 586 et
997 556 1148 586 honorem
1174 555 1304 596 philolo-

90 620 203 651 gorum
235 611 441 649 nostratium;
467 620 585 651 paucae
609 612 720 642 insunt
744 611 782 642 de
807 611 906 642 literis
930 611 1067 649 Latinis,
1094 621 1157 642 una
1180 614 1302 641 tantum

90 667 228 698 alterave
254 668 402 706 „honoris
427 667 543 698 causa'’
567 667 605 698 ab
631 677 666 699 eo
691 670 738 698 est
762 669 887 708 scripta,
913 668 1015 708 qualis
1041 668 1079 698 de
1101 667 1241 698 Voorstii
1261 667 1306 697 Io.

92 723 309 763 chrysostomi
333 723 481 762 Selectis3
506 722 714 762 Niebuhrii1)
739 727 850 765 rogatu
877 724 914 755 de
939 724 1085 755 Grauerti
1109 724 1193 754 Aelii
1217 724 1304 754 Aris-

91 780 165 810 tidis
188 779 477 811 Declamationibus
502 780 662 821 Leptineis
686 781 839 811 iudicium
867 782 1030 821 prompsit.

137 835 294 867 Omnibus
325 837 392 867 suis
427 836 611 875 „censuris”
643 840 672 868 et
696 836 944 876 „relationibus”
969 846 1083 867 nomen
1109 836 1306 876 subscripsit,

93 893 179 933 quod
203 894 347 923 omnium
373 893 529 924 editorum
555 894 628 925 inde
651 893 690 924 ab
715 895 806 924 initio
830 893 890 924 fuit
916 894 1084 924 consilium
1101 891 1133 931 2).

136 949 187 979 Ex
218 949 409 990 quibusdam
445 952 514 981 eius
549 951 693 981 censuris
725 950 881 981 nonnulla
905 951 966 980 iam
993 951 1084 980 attuli
1109 951 1148 981 iis
1172 951 1307 991 paginis,

94 1005 212 1046 quibus
237 1007 286 1046 egi
311 1006 349 1037 de
372 1006 527 1037 Theocriti
553 1007 699 1047 editione,
723 1007 761 1038 de
784 1007 925 1038 Historia
949 1007 1057 1037 critica
1077 1006 1307 1047 Sophistarum,

94 1062 132 1093 de
166 1061 471 1102 Hemsterhusianis,
507 1063 545 1093 de
580 1062 706 1102 Polybii
730 1063 931 1104 fragmentis3
958 1063 1035 1094 alias
1056 1063 1211 1094 allaturus
1236 1073 1306 1094 sum

94 1119 126 1148 in
152 1117 299 1150 Sectione
323 1119 361 1150 de
384 1118 488 1150 Dione
512 1119 747 1159 Chrysostomo.

137 1173 263 1205 Leviter
297 1185 383 1205 nunc
415 1185 637 1215 percurramus
669 1176 840 1206 nonnullas
865 1176 951 1215 alias,
976 1185 1057 1216 quae
1081 1176 1217 1207 alicuius
1242 1185 1307 1206 mo-

97 1231 194 1261 menti
232 1240 301 1262 esse
325 1231 403 1261 mihi
427 1231 578 1262 videntur
600 1234 655 1262 aut
679 1232 717 1262 ad
742 1241 819 1271 eam,
845 1242 939 1273 quam
966 1232 1041 1263 Geel
1066 1232 1185 1271 habuit,
1209 1233 1308 1273 philo-

93 1287 195 1328 logiae
230 1287 380 1318 classicae
415 1289 577 1319 notionem
613 1291 643 1319 et
666 1288 907 1329 intelligentiam
933 1292 988 1319 aut
1012 1289 1050 1319 ad
1075 1289 1144 1319 eius
1169 1289 1307 1320 indolem

93 1347 124 1375 et
148 1344 311 1384 ingenium
337 1345 602 1385 cognoscendum.

138 1399 176 1430 In
207 1400 381 1431 Volumine
405 1400 428 1431 Ι,
453 1401 543 1431 valde
567 1401 708 1432 laudavit
732 1401 882 1432 Meinekii
908 1402 1012 1432 studia
1035 1402 1067 1431 in
1093 1401 1307 1442 Euphorionis

95 1456 321 1496 Chalcidensis,
352 1456 528 1496 Menandri,
552 1457 748 1488 Philemonis
773 1458 947 1498 fragmenta
962 1457 996 1496 3).
1022 1457 1069 1489 De
1095 1458 1309 1499 disputatione

95 1513 232 1553 quadam
258 1513 422 1544 Breuweri
437 1513 459 1552 4)
483 1514 657 1554 quominus
676 1514 831 1544 iudicium
852 1514 977 1554 faceret,
990 1515 1111 1555 defugit
1123 1515 1172 1545 his
1186 1514 1307 1545 verbis:

128 1688 154 1719 1)
173 1689 237 1712 Vide
263 1689 391 1719 epistulas
418 1697 432 1712 a
458 1689 604 1713 Niebuhrio
630 1690 661 1713 ad
680 1690 800 1714 Geelium
820 1690 901 1719 datas,
920 1697 988 1720 quae
1007 1690 1033 1713 iu
1053 1690 1192 1713 Tabulnrio
1213 1690 1308 1714 Biblio-

95 1728 187 1752 thecae
206 1728 342 1752 Leidensis
360 1731 540 1753 asservantur.
559 1729 647 1753 Geelio
664 1730 792 1760 permisit,
803 1733 831 1753 ut
842 1729 1072 1753 emendationibus
1083 1730 1137 1753 suis
1149 1730 1174 1753 in
1187 1730 1310 1754 Grauerti

95 1775 174 1798 opere
192 1767 361 1791 diiudicaudo
380 1771 512 1797 uteretur,
530 1768 574 1792 sed
594 1768 708 1792 addidit:
728 1776 777 1800 „ne
797 1776 860 1792 vous
882 1770 961 1800 genez
978 1769 1073 1799 jamnis
1093 1776 1156 1792 avec
1172 1770 1248 1793 moi''.

130 1806 157 1837 2)
175 1806 213 1830 Cf.
232 1806 363 1830 Praelatio
381 1807 437 1831 Vol.
454 1807 472 1832 1.

128 1845 156 1876 3)
174 1845 201 1869 P.
219 1845 248 1869 81
270 1845 332 1870 Geel
351 1846 379 1870 in
399 1846 528 1876 versibus,
546 1847 592 1877 qui
611 1849 673 1871 sunt
694 1846 810 1878 (Stobaei
830 1847 913 1871 Serm.
932 1847 1019 1872 LXU:

429 1887 477 1913 Τῆς
496 1885 576 1913 οὐσίαις
594 1886 655 1912 ὅσαις
673 1886 715 1915 μὲν
734 1885 771 1909 οὖν
789 1886 865 1918 πρᾴως
883 1886 935 1916 ’ἔχει

426 1925 497 1952 Νέοις
514 1925 550 1948 ’ἐτ’
570 1924 619 1948 οὖα-ι
638 1929 708 1950 τοῦτο
726 1926 882 1954 προστάττειν
900 1930 972 1950 ποιεῖν

96 1966 202 1994 accepta
225 1963 351 1988 Meinekii
378 1965 539 1995 coniectura,
566 1973 633 1996 quae
659 1967 698 1989 est
726 1965 877 1995 προστάττω,
903 1973 949 1996 pro
969 1971 1026 1997 „7715
1044 1964 1141 1992 οἶκε-ΜΨ
1161 1966 1309 1996 proposuit:

97 2003 228 2033 συνουσίαις,
246 2010 293 2034 pro
313 2003 437 2035 „vtpawq'ffi
456 2003 518 2033 ἐ’ρως.

129 2042 209 2067 Cobet
235 2043 276 2072 (cf.
304 2043 414 2074 Epistul.
439 2051 463 2074 p.
481 2042 541 2074 183)
561 2051 661 2068 memor
680 2044 774 2074 prioris
793 2044 876 2068 Geelii
896 2044 1071 2073 coniecturae,
1090 2044 1200 2068 alterius
1220 2047 1309 2068 autem

97 2082 194 2106 oblitus
220 2084 330 2106 conatus
348 2085 388 2106 est
407 2083 508 2114 reliqua
527 2083 669 2107 restituere
689 2084 852 2107 emendando
873 2083 981 2115 „afim”
999 2084 1026 2107 in
1046 2083 1105 2111 ἔρως.
1125 2084 1180 2111 Qua
1199 2084 1230 2107 de
1249 2091 1311 2107 con—

97 2122 199 2146 iectura
230 2121 313 2145 Geelii
345 2122 473 2146 iudicium
506 2123 615 2153 rogavit.
643 2123 724 2146 Recte
752 2123 932 2153 Epistularum
959 2122 1073 2146 editores
1099 2119 1312 2147 annotaverunt:

99 2161 177 2192 „Geel
202 2161 240 2185 zal
267 2161 299 2185 de
325 2162 502 2193 voorgestelde
528 2162 612 2193 lezing
639 2169 688 2186 van
716 2162 795 2186 Cobet
824 2162 872 2185 wel
901 2164 953 2185 met
981 2169 1029 2185 een
1056 2170 1118 2193 grap
1144 2162 1311 2186 beautwoord

97 2200 226 2224 hebben''.

132 2239 159 2269 4)
177 2240 276 2264 Proeve
302 2247 364 2264 over
391 2240 422 2263 de
449 2240 575 2272 zedelijke
602 2240 760 2264 schoouheid
788 2241 835 2264 der
863 2240 941 2271 poezij
970 2248 1019 2264 van
1048 2241 1186 2270 Homerus,
1209 2249 1242 2264 en
1260 2241 1311 2264 den

99 2279 202 2302 invloed
230 2279 277 2303 der
303 2279 494 2309 denkbeelden,
521 2280 672 2311 aangaande
699 2280 751 2304 God
772 2288 805 2304 en
824 2280 892 2304 Gods
912 2280 1031 2309 bestuur,
1048 2287 1080 2310 op
1100 2280 1213 2309 dezelve,
1232 2281 1312 2311 Lugd.

101 2318 149 2341 Bat
176 2326 199 2342 a.
219 2318 292 2342 1825.

1198 2364 1214 2388 4
