1673 2768
899 316 939 346 30

314 409 369 448 qui
406 409 509 449 operis
546 409 642 439 huius
676 408 877 438 commodum
910 408 1004 438 finem
1038 409 1224 448 requireret,
1256 408 1406 449 quodque
1439 407 1533 438 domo

311 468 417 505 petere
438 474 500 495 non
527 468 641 505 posset,
665 474 705 495 ex
731 465 887 505 Apologia
912 463 1111 504 subriperet”
1130 462 1159 502 ¹).

357 521 498 551 Eandem
536 521 736 560 sententiam,
771 531 865 561 quam
899 520 983 559 Geel,
1016 523 1123 560 postea
1148 520 1360 551 defenderunt
1385 520 1482 551 Cobet
1500 519 1534 559 2)‚

312 576 347 607 R.
369 576 485 618 Lange,
510 576 550 607 M.
576 576 699 608 Schanz
715 575 747 614 3).

356 633 435 664 Inde
465 643 482 664 a
506 643 533 674 p.
559 634 599 663 25
624 633 893 674 argumentationi
920 633 958 663 de
983 632 1114 664 Memor.
1140 637 1298 673 postremo
1325 634 1425 674 capite
1449 634 1531 664 inse-

312 694 428 720 runtur
451 690 530 720 aliae
559 691 763 730 quaestiones
788 689 1054 730 Xenophonteae:
1082 689 1201 730 quibus
1226 690 1303 721 locis
1328 694 1359 721 et
1383 691 1531 731 tempori-

313 746 372 777 bus
381 746 605 787 Xenophontis
619 756 712 787 opera
726 746 867 776 confecta
881 747 961 784 sint;
977 750 1084 776 utrum
1100 745 1332 777 Oeconomicus
1343 748 1533 778 coniunctus

312 803 406 834 fuerit
438 813 511 833 cum
546 802 806 833 Memorabilibus
838 812 954 840 necne3
980 803 1012 832 in
1039 813 1154 843 magna
1178 806 1207 834 et
1231 803 1380 844 perdocta
1405 803 1532 834 adnota-

312 860 397 890 tione
422 861 485 900 egit
510 859 548 890 de
573 859 739 898 Polycrate
765 859 904 890 Socratis
930 862 1123 890 accusatore.

358 916 433 947 Geel
469 917 518 955 iis,
550 917 607 956 qui
640 915 795 946 curabant
827 915 985 946 edendum
1011 915 1159 955 diarium,
1183 917 1235 946 cui
1261 925 1376 946 nomen
1402 919 1449 947 est
1476 916 1534 955 „de

314 972 422 1010 Gids”‚
460 972 487 1002 d.
523 972 541 1001 6
568 982 606 1002 m.
630 971 696 1002 Oct.
721 982 746 1002 a.
772 972 854 1002 1837
881 972 919 1002 de
943 971 1015 1002 fatis
1046 982 1124 1003 suae
1149 972 1434 1004 commentationis
1458 973 1534 1003 haec

313 1030 439 1070 scripsit
454 1032 493 1066 4);
526 1028 621 1068 „Mijn
646 1028 808 1068 latijnsehe
833 1028 934 1069 opstel
959 1028 1043 1059 heeft
1066 1029 1214 1060 vreemde
1239 1029 1356 1070 dingen
1383 1032 1533 1060 ontmoet.

314 1085 397 1116 Prof.
433 1095 494 1116 van
532 1085 752 1126 Limburg
788 1085 1009 1116 Brouwer
1044 1086 1071 1116 is
1102 1085 1145 1116 lid
1178 1085 1233 1116 der
1265 1085 1454 1117 Commissie
1477 1095 1530 1127 ge-

314 1145 418 1181 weest,
450 1142 509 1181 die,
542 1142 673 1182 volgens
706 1142 744 1173 de
776 1145 837 1173 wet
868 1152 930 1172 van
962 1142 1015 1172 het
1037 1142 1204 1182 Instituut,
1228 1142 1395 1173 oordeelen
1419 1146 1531 1182 moest,

314 1198 349 1228 of
381 1199 432 1229 die
469 1198 522 1229 Co
537 1209 566 1229 m
581 1208 611 1228 m
626 1199 808 1229 entatie
843 1199 875 1228 in
913 1198 952 1229 de
984 1198 1110 1229 werken
1145 1208 1206 1229 van
1231 1199 1283 1229 het
1306 1199 1453 1240 geleerde
1478 1199 1534 1240 lig-

317 1255 427 1285 chaam
451 1255 514 1285 kon
540 1265 738 1296 opgenomen
760 1255 906 1286 worden:
929 1255 982 1285 het
1003 1255 1064 1286 had
1077 1256 1157 1295 zijne
1170 1255 1303 1295 vlijende
1315 1255 1535 1296 goedkeuring

321 1321 358 1342 en
396 1312 446 1342 die
478 1312 532 1342 der
563 1312 679 1342 andere
703 1311 845 1342 Heeren:
872 1312 982 1351 terwijl
1007 1312 1039 1342 ik
1064 1312 1117 1342 het
1141 1312 1215 1343 stuk
1243 1312 1367 1351 drukte,
1394 1312 1479 1343 werd
1504 1315 1535 1343 te

319 1368 503 1408 Groningen
535 1377 612 1399 eene
644 1368 700 1399 litt.
734 1368 912 1399 dissertatie
937 1368 1109 1409 verdedigd
1135 1368 1211 1398 door
1235 1378 1292 1399 een
1319 1369 1449 1409 discipel
1475 1378 1534 1399 van

316 1424 398 1455 Prof.
435 1435 495 1455 van
538 1424 628 1455 Lim
643 1424 661 1455 b
676 1435 696 1455 u
710 1435 725 1455 r
737 1435 758 1466 g
792 1425 818 1455 B
833 1435 848 1455 r
861 1435 878 1455 o
893 1435 913 1455 u
928 1435 956 1454 w
970 1435 986 1456 e
999 1435 1034 1455 r:
1072 1425 1110 1456 de
1146 1425 1277 1456 slotsom
1314 1425 1426 1465 mijner
1460 1425 1534 1466 lang

314 1491 501 1522 overwogen
531 1491 569 1512 en
595 1481 823 1512 bekritiseerde
848 1481 1066 1512 denkbeelden
1092 1482 1177 1512 werd
1202 1482 1311 1512 achter
1335 1482 1385 1513 die
1408 1481 1532 1512 Disser—

313 1539 388 1568 tatie
422 1539 455 1568 in
492 1547 569 1568 eene
611 1538 766 1569 thesis
812 1538 1058 1579 voorgedragen,
1094 1539 1140 1569 als
1177 1538 1215 1569 de
1251 1539 1435 1579 uitvinding
1469 1548 1531 1568 van

314 1594 493 1625 iemand
530 1595 603 1625 die
638 1604 716 1635 pas
751 1594 1137 1635 komtkijken.1k
1162 1595 1222 1626 ben
1246 1595 1350 1626 sedert
1375 1595 1447 1626 dien
1475 1595 1529 1635 tijd

348 1746 374 1777 1)
391 1747 427 1770 l.1.
447 1754 470 1777 p.
489 1746 528 1770 32.

344 1786 371 1815 2)
390 1786 418 1810 ln
438 1786 534 1817 „Novis
551 1786 747 1815 Lectionibus'',
765 1786 842 1810 edilis
860 1794 883 1810 a.
903 1786 986 1818 18583
1006 1794 1030 1817 p.
1050 1786 1098 1811 678
1117 1787 1188 1811 enim
1199 1787 1319 1818 scripsit:
1333 1788 1532 1819 „Xenophontis

313 1826 375 1849 haec
403 1826 481 1849 verba
509 1828 573 1849 sunt
600 1826 626 1849 in
654 1826 780 1858 Apologia
807 1826 820 1858 ξ
839 1825 872 1850 30
890 1833 938 1856 sq..
956 1834 1036 1857 quam
1055 1827 1266 1851 Memorabilium
1286 1832 1388 1858 partem
1408 1827 1532 1852 ultimam

312 1873 369 1889 esse
387 1865 481 1889 Geelio
494 1873 602 1896 prorsus
621 1865 777 1889 assentior'’.

345 1904 372 1935 3)
391 1905 478 1928 Christ
496 1905 523 1928 iu
541 1905 617 1934 libro,
635 1905 680 1936 qui
700 1905 869 1929 inscribitur:
891 1904 1065 1935 „Geschichte
1083 1905 1131 1929 der
1148 1905 1338 1930 Griechischen
1359 1906 1533 1936 Litteratu1“'‚

311 1952 333 1968 a.
351 1944 425 1973 1898,
445 1952 468 1974 p.
486 1944 535 1968 354
558 1945 622 1968 haec
648 1945 772 1968 exhibet:
796 1943 1022 1975 „Die¹';xffo7.o71'x
1041 1946 1176 1971 Σωκράτους
1195 1947 1247 1973 πρὲς
1266 1946 1319 1972 τεὸς
1339 1945 1454 1972 §mxv-ri:
1472 1948 1532 1970 enl-

311 1983 366 2007 hiilt
392 1984 451 2007 eine
474 1984 579 2007 weitere
599 1984 774 2015 Aussiihrung
792 1984 838 2007 des
856 1983 1080 2014 Schlusskapitels
1097 1984 1144 2008 der
1164 1984 1446 2016 Denkwstrffigkeiten,
1467 1985 1530 2009 xvird

311 2023 373 2047 aber
398 2031 426 2047 so
453 2024 613 2054 eingeleitet,
641 2024 680 2047 als
705 2024 737 2047 ob
756 2024 793 2047 sie
813 2024 873 2047 eine
892 2024 1049 2055 Ergfinzung
1068 2024 1115 2047 dei·
1135 2024 1333 2048 Mernorabilien
1353 2025 1441 2048 bilden
1460 2025 1532 2049 solie.

313 2063 348 2086 Da
374 2063 412 2086 sie
437 2063 504 2086 auch
532 2063 621 2086 hinter
649 2063 696 2087 der
716 2063 802 2087 lx'unst
820 2063 867 2087 der
885 2063 997 2094 fibrigen
1017 2063 1150 2087 Schriften
1170 2064 1332 2094 Xenophons
1350 2064 1534 2094 zurficksteht,

310 2110 338 2125 so
362 2103 450 2126 hulten
471 2102 508 2125 sie
528 2103 663 2126 namhaste
683 2103 802 2126 Kritiker
823 2103 866 2126 sur
884 2103 1141 2133 untergeschoben'&
1162 2103 1227 2131 (Hoc
1247 2103 1376 2127 iudicium
1396 2104 1532 2134 aliquanto

310 2142 397 2165 lenius
424 2144 472 2172 est,
497 2149 577 2172 quam
606 2142 675 2172 quod
705 2143 803 2172 legitur
830 2142 857 2166 in
886 2142 1002 2166 editione
1029 2142 1132 2171 altera).
1160 2143 1197 2166 Ad
1219 2143 1317 2166 calcem
1338 2143 1448 2174 paginae
1468 2144 1532 2167 haee

312 2181 403 2204 habet:
431 2181 510 2211 „Dass
538 2181 697 2211 umgekehrt
724 2181 771 2204 der
795 2181 904 2205 Schluss
925 2181 971 2205 del·
991 2181 1189 2205 Memorabilien
1211 2189 1259 2205 aus
1277 2182 1324 2205 der
1345 2182 1469 2213 Apologia
1488 2190 1532 2213 ge-

312 2228 435 2244 nommen
462 2221 506 2249 sei,
534 2221 635 2244 sucheu
663 2221 865 2244 nachzuweisen
892 2220 964 2250 Geel,
983 2221 1018 2245 De
1038 2221 1104 2244 Xen.
1124 2221 1250 2252 apologia,
1269 2221 1365 2245 Leiden
1386 2221 1459 2250 1836,
1479 2222 1532 2246 und

313 2260 341 2283 R.
362 2260 456 2290 Lange,
477 2260 512 2283 De
532 2260 598 2283 Xen.
616 2267 684 2290 quae
702 2260 801 2283 dieitur
819 2260 946 2291 apologia,
966 2261 1049 2290 Hane,
1070 2260 1137 2284 Diss.
1156 2260 1234 2290 18733
1254 2260 1355 2284 Schauz
1374 2262 1533 2292 inAusgabe

311 2299 358 2322 der
377 2299 439 2329 plat.
457 2299 581 2329 Apologie
601 2299 626 2322 S.
645 2298 685 2327 85,
704 2299 750 2322 der
769 2299 942 2323 enlsehiedeu
966 2300 1008 2323 ssu·
1026 2299 1068 2323 die
1087 2300 1209 2323 Echtheit
1228 2300 1358 2324 eintritF'.

345 2338 372 2369 4)
391 2338 444 2362 Hae
464 2338 593 2368 epistulae
612 2341 785 2362 asservantur
802 2339 829 2362 in
850 2339 1011 2362 Bibliotheca
1032 2339 1280 2363 Amstelodamensi.
