1673 2768
733 342 788 370 141

196 433 329 464 Remoto
363 444 441 464 cane
477 434 552 464 Geel
591 444 716 464 vaccam
755 434 937 472 introducit,
965 433 1070 473 „quod
1096 434 1174 463 ratio
1199 434 1372 473 excogitari

153 492 312 530 nequ(ea)t
347 500 405 520 cur
440 490 609 530 Euripides
643 490 774 520 finxerit
811 489 986 530 Panoptam
1024 490 1127 519 solum
1165 491 1233 520 sine
1270 500 1373 528 vacca,

152 556 246 586 quam
272 546 475 576 custodiret''.
501 545 653 576 Concedit
677 546 729 576 ille
754 546 880 586 quidem
896 545 1081 576 Hermanno
1096 555 1223 575 versum
1240 546 1373 576 deficere

152 602 260 633 videri.
298 602 426 633 Collatis
463 603 511 633 his
548 602 653 633 verbis
689 612 726 633 ex
767 602 886 633 scholio
918 605 1038 638 σημεῖον
1064 601 1181 632 στικτὸν
1206 601 1293 640 ἔφερε
1318 605 1371 639 (sc.

152 659 386 699 Hippomedon)
411 663 464 694 τῆς
488 658 629 697 Ἀργείκς
654 659 721 696 βοὸς
746 658 878 697 &dmm
902 663 932 689 et
956 668 995 689 ex
1018 659 1170 697 Aeschyli
1192 658 1300 698 Suppl.
1323 669 1370 689 vs.

152 716 215 745 299
240 715 287 745 τὸν
313 714 398 746 πάνθ’
423 715 527 754 ὁρῶνται
553 715 670 754 φύλα-ιγ]
697 715 860 750 ἐπέστησεν
886 714 940 752 βοΐ
960 715 1008 746 his
1021 715 1139 745 finibus
1153 724 1225 745 enm
1242 725 1368 745 versun]

151 771 250 802 fuisse
275 771 462 802 arbitratur:
488 771 618 810 φύλκκκ
648 790 679 794 -
709 771 850 810 Ἀργείοις
876 771 950 809 βοός.

195 827 241 858 Ea
265 838 336 868 pars
360 829 654 869 argumentationis,
680 838 760 869 quae
780 830 891 859 attinet
913 828 951 858 ad
973 827 1287 866 Hermannum,sine
1302 828 1368 858 ullo

152 884 248 915 dubio
274 885 374 925 magis
399 885 522 915 firmata
546 894 581 915 ac
606 884 744 915 stabilita
768 888 815 915 est
840 895 935 925 quam
962 885 1015 915 illa
1039 885 1222 915 coniectura
1246 884 1285 914 ad
1299 884 1371 914 libi-

153 941 257 971 dinem
286 941 376 971 facta.

196 997 233 1027 In
258 998 504 1038 interpretandis
531 997 656 1028 duobus
682 997 838 1037 versibus7
862 999 917 1038 qui
931 1000 1121 1038 sequuntur,
1135 997 1173 1027 ab
1188 997 1372 1028 Hermanno

153 1054 326 1095 discrepat:
364 1057 454 1095 putat
485 1055 568 1084 enim
602 1064 655 1085 eos
680 1055 836 1095 pertinere
860 1054 899 1084 ad
924 1054 1001 1094 Argi
1027 1054 1197 1094 imaginem
1223 1054 1255 1083 in
1281 1057 1371 1084 scuto

157 1111 356 1151 descriptam,
392 1120 465 1141 cum
496 1110 660 1141 Hermann
686 1111 724 1141 de
749 1112 816 1151 ipso
842 1112 928 1151 Argo
954 1111 1026 1141 vivo
1052 1113 1081 1141 et
1106 1110 1226 1140 videnti
1251 1110 1371 1150 aliquid

155 1167 329 1207 praedicari
366 1167 414 1197 his
451 1167 597 1197 versibus
623 1167 783 1198 voluisset.
810 1167 871 1197 Hic
895 1168 978 1197 enim
1005 1170 1088 1197 recte
1113 1167 1253 1197 dixerat:
1283 1176 1369 1205 „eam

152 1223 323 1263 imaginem
349 1222 442 1253 talem
468 1223 567 1253 fuisse
591 1233 721 1254 necesse
746 1226 802 1263 est,
829 1226 863 1254 ut
888 1233 942 1263 per
966 1226 1066 1253 totum
1092 1232 1207 1263 corpus
1221 1222 1272 1252 alii
1287 1223 1371 1252 oculi

152 1279 262 1318 clausi,
297 1280 349 1309 alii
386 1280 485 1320 aperti
523 1279 759 1318 cernerentur'’⁷
797 1280 903 1310 minus
939 1283 1023 1310 recte
1053 1282 1157 1310 tamen
1190 1279 1369 1310 addiderat:

155 1336 272 1376 „idque
306 1346 364 1366 cur
398 1337 441 1366 ita
478 1337 597 1376 pictum
635 1339 718 1367 esset
752 1339 786 1367 ut
818 1336 991 1367 declararet
1015 1336 1121 1375 Poeta,
1145 1336 1259 1366 adiecit
1282 1336 1371 1375 illud,

152 1392 223 1422 aliis
248 1393 370 1433 Argum
396 1392 497 1423 oculis
523 1396 627 1431 noctu,
652 1393 721 1423 aliis
747 1393 885 1423 interdiu
911 1402 980 1423 esse
1001 1392 1126 1423 usum“.
1148 1391 1263 1422 Contra
1277 1392 1368 1423 Geel:

155 1449 334 1489 „quomodo
366 1449 492 1479 tandem
520 1448 616 1479 Poeta
640 1449 671 1479 id
697 1449 781 1490 quod
808 1449 1014 1479 Hermannus
1039 1449 1167 1479 coniicit
1191 1449 1371 1489 significare

152 1505 330 1545 potuisset?
355 1505 424 1535 Hoc
449 1508 534 1535 certe
558 1514 669 1536 vereor
694 1515 733 1535 ne
758 1515 820 1535 non
846 1505 1009 1536 lucremur
1034 1505 1185 1535 mutando
1211 1505 1370 1543 βλέποντα

152 1562 183 1591 in
221 1561 368 1596 κλείονται,
402 1562 487 1602 quod
512 1563 613 1592 suasit
637 1562 807 1600 Seidlerus‚
833 1562 1024 1602 scripsitque
1049 1561 1262 1593 Hermannus.
1289 1562 1370 1593 Sunt

153 1619 237 1649 enim
273 1621 328 1648 aut
363 1619 464 1649 otiosa
500 1618 595 1649 verba
627 1617 677 1648 σὺν
714 1617 827 1657 ἄστρων
852 1618 1039 1648 ἐπιτολαῖσιν
1063 1621 1092 1648 et
1117 1618 1253 1649 δυνόντων
1277 1618 1369 1656 μέτα,

153 1677 208 1705 aut
238 1674 359 1715 aliquid
385 1674 582 1715 significant:
608 1677 714 1705 sumto
740 1678 856 1714 autem,
882 1678 917 1705 ut
941 1684 997 1715 par
1021 1677 1076 1714 est,
1100 1675 1222 1715 aliquid
1247 1675 1370 1715 signifi-

153 1741 224 1762 care
256 1735 287 1762 et
317 1731 463 1762 consulto
489 1732 606 1771 scripta
631 1741 708 1769 esse,
734 1740 863 1762 necesse
888 1734 936 1761 est
961 1734 995 1761 ut
1019 1731 1116 1761 relata
1141 1732 1205 1761 sint
1229 1731 1267 1761 ad
1293 1732 1369 1761 ima-

152 1788 258 1828 ginem
284 1787 460 1828 Panoptae:
486 1788 595 1828 itaque
620 1789 723 1828 imago
749 1788 802 1818 illa
822 1788 921 1818 altero
942 1789 1082 1828 corporis
1097 1788 1192 1818 latere
1206 1789 1369 1827 orientem,

152 1844 250 1874 altero
286 1844 478 1874 occidentem
516 1844 692 1884 spectabat:
729 1844 820 1874 aliter
844 1845 928 1874 enim
954 1854 1058 1884 neque
1082 1844 1194 1875 artifex
1220 1845 1369 1883 indicare,

152 1909 257 1940 neque
282 1904 439 1940 spectator
463 1901 642 1931 discernere
666 1904 785 1941 poterat
810 1901 941 1940 quinam
964 1901 1047 1931 oculi
1062 1901 1199 1931 interdiu
1216 1901 1368 1941 viderent,

153 1959 183 1987 et
218 1957 264 1987 sic
288 1966 389 1997 porro.
414 1956 498 1987 Hinc
522 1958 612 1997 sequi
638 1957 772 1995 videtur,
797 1957 935 1987 admisso
961 1956 1099 1987 κλείονται
1124 1957 1250 1997 vigilem
1276 1957 1366 1987 illum

153 2023 263 2044 omues
287 2013 396 2044 oculos
420 2014 545 2044 clausos
571 2013 785 2044 habiturum‘’.

198 2069 346 2110 Hartung
363 2068 386 2110 ¹)
422 2071 528 2100 omnia
562 2070 655 2110 plana
690 2070 757 2100 fore
791 2070 1000 2110 spoponderat
1028 2074 1150 2110 recepta
1176 2070 1311 2101 lectione
1336 2072 1365 2100 in

154 2126 272 2156 scholio
309 2126 427 2156 codicis
463 2127 599 2166 August.
635 2126 767 2156 latente:
805 2125 954 2156 virm-ww
990 2136 1044 2166 pro
1079 2127 1162 2167 vulg.
1190 2126 1366 2164 κρύπτοντκ.

158 2181 270 2221 „Quid‚
298 2183 402 2222 inquit
427 2182 512 2221 Geel,
537 2182 646 2212 πίπτον
671 2182 757 2219 ἔμμκ
783 2183 822 2213 sit
846 2183 914 2213 eius
940 2183 996 2222 qui
1020 2192 1082 2212 nou
1110 2193 1174 2213 una
1198 2193 1268 2213 cum
1295 2185 1367 2214 stel-

155 2239 193 2269 lis
218 2239 316 2278 cadat,
341 2248 403 2269 non
428 2239 592 2279 explicuit,
617 2248 721 2279 neque
745 2239 941 2279 explicuerat
966 2238 1228 2270 Valckenaerius:
1244 2244 1367 2280 praetu-

188 2360 215 2391 1)
235 2361 384 2392 „Euripidis
402 2361 535 2384 restituti”
555 2361 602 2384 vol.
623 2361 654 2384 ll.
673 2368 696 2391 p.
715 2360 771 2384 460.
