1673 2768
862 296 899 325 16

275 389 474 430 pertinebant
490 389 520 428 ¹),
553 399 632 420 usus
662 392 737 419 erat.
770 388 845 418 Geel
870 387 968 418 edidit
991 386 1174 417 Ruhnkenii
1199 386 1324 418 Scholia
1349 387 1381 417 in
1408 387 1490 416 vitas

275 445 446 477 Caesarum
483 455 587 486 usque
621 445 660 476 ad
694 444 922 475 Domitianum.
954 442 1084 474 Librum
1118 443 1182 473 373
1214 444 1402 484 paginarum
1427 452 1492 473 non

276 501 437 541 „notulis”
464 502 604 542 quidem,
627 501 681 532 sed
706 501 811 531 indice
836 499 1086 540 locupletissimo
1111 498 1284 530 adornavit.

319 557 437 588 Censor
472 567 653 597 anonymus
689 558 721 587 in
755 556 863 595 diario,
895 556 947 585 cui
980 564 1095 585 nomen
1121 558 1167 585 est
1195 555 1285 596 „A]g.
1310 554 1426 585 Konst-
1451 563 1490 585 en

273 613 519 652 Letterbode‘’2)
556 613 741 644 Ruhnkenii
779 613 811 642 in
842 611 1033 642 Suetonium
1065 610 1194 642 Scholia
1223 611 1316 642 valde
1340 611 1493 650 laudavit,

272 671 327 701 sed
353 670 453 702 Geelii
479 670 574 701 verba
598 670 694 700 nimis
719 669 758 699 ad
779 670 889 699 vivum
911 676 1071 698 resecasse
1092 667 1375 709 videtur;scripsit
1388 669 1491 698 enim:

278 727 335 766 „de
368 727 641 768 gevolgtrekking,
676 726 722 756 als
754 725 864 756 of....
897 725 950 755 het
973 724 1059 755 werk
1084 724 1185 755 alleen
1210 734 1288 755 voor
1312 724 1489 756 Studenten

271 783 415 824 geschikt
446 793 506 814 zou
539 784 608 823 zijn,
640 783 667 813 is
698 781 814 818 valsch,
838 790 876 811 en
902 781 949 819 wij
976 780 1099 811 durven
1123 780 1306 820 gerustelijk
1334 780 1491 819 beweren,

273 839 325 870 dat
358 839 400 870 'er
429 840 493 871 niet
518 840 586 870 vele
622 838 888 869 Literarum
925 835 1158 867 Doctores
1193 836 1298 867 zullen
1323 836 1490 877 gevonden

273 896 409 934 worden,
434 896 484 927 die
507 895 689 936 opregtelijk
715 894 820 925 zullen
846 893 969 924 durven
991 893 1124 924 staande
1145 893 1282 932 houden,
1303 893 1355 924 dat
1375 894 1411 933 zij
1427 894 1493 924 niet

273 952 340 982 veel
373 953 440 983 hier
471 952 636 993 gevonden
663 950 796 989 hebben,
820 950 954 991 hetgeen
978 959 1056 980 voor
1080 949 1141 980 hen
1166 959 1228 980 van
1254 948 1369 990 belang
1393 949 1491 980 was''.

728 1212 909 1243 CAPUT
955 1212 1035 1242 III.

349 1316 429 1342 QUAE
453 1316 529 1337 omn,
552 1316 624 1337 min
647 1316 685 1337 AB
711 1317 738 1336 A.
762 1315 944 1337 imcccxmx
968 1315 1066 1336 OPERA
1089 1314 1206 1336 mom.
1231 1314 1425 1344 confitemur,

678 1366 822 1387 EXCEPTIS
849 1355 1036 1395 „cexsnms”
1051 1354 1082 1394 ³).

315 1450 333 1489 ξ
372 1450 397 1479 1.
433 1449 548 1490 Magna
580 1449 742 1480 doctrinae
773 1450 863 1489 copia
894 1449 933 1479 iis
966 1449 1081 1479 studiis
1112 1449 1290 1479 instructus
1315 1448 1391 1479 Geel
1415 1458 1489 1479 mox

271 1515 347 1536 nare
371 1507 440 1537 sine
464 1507 581 1537 cortice
605 1507 717 1546 coepit.

315 1563 358 1592 A:
388 1563 469 1593 1827
502 1563 648 1603 Angelus
672 1562 735 1593 Mai
761 1561 886 1601 Polybii
910 1561 1088 1602 fragmenta
1111 1562 1144 1592 in
1169 1562 1375 1602 palimpsesto
1400 1561 1488 1592 Vati-

271 1629 350 1649 cano
386 1619 507 1650 detecta
542 1619 692 1658 ediderat,
724 1619 779 1649 sed
812 1619 902 1658 male,
935 1621 970 1649 ut
995 1618 1071 1649 Geel
1095 1619 1158 1649 iam
1182 1628 1208 1648 a.
1234 1618 1319 1648 1828
1344 1619 1376 1648 in
1403 1617 1485 1648 Bibl.

272 1676 381 1706 critica
416 1685 498 1705 nova
512 1674 534 1714 4)
571 1675 815 1706 demonstravit:
854 1685 927 1705 nam
962 1675 1225 1715 interpretatione
1256 1674 1344 1705 illius
1374 1673 1487 1705 Latina

270 1731 471 1773 frequentius
507 1732 583 1762 vitia
618 1732 704 1762 vitiis
736 1732 874 1772 aequari,
898 1741 984 1762 raras
1009 1740 1078 1762 esse
1102 1731 1244 1762 eiusdem
1270 1733 1301 1761 et
1325 1731 1393 1761 sine
1417 1740 1488 1761 suc-

273 1797 366 1819 cessu
390 1790 588 1819 coniecturas
602 1787 634 1826 5).

303 1915 330 1946 1)
348 1915 395 1939 Css'.
413 1915 500 1940 Wolsii
520 1916 546 1939 in
566 1916 649 1940 Geelii
668 1915 832 1939 Praesatione
849 1916 886 1946 (p.
905 1914 932 1945 7)
952 1915 1030 1939 verba
1048 1915 1164 1939 laudata.

303 1954 329 1981 2>
349 1956 378 1979 Α.
397 1955 470 1983 1828,
490 1956 539 1979 vol.
557 1955 588 1985 11,
607 1963 631 1986 p.
651 1954 790 1979 105-106,

301 1994 326 2023 3)
345 1995 380 2018 De
407 1995 490 2019 Geelii
519 1995 680 2026 „censuris''‚
699 2002 764 2026 quas
782 1997 807 2018 et
827 1994 853 2018 in
873 1994 1035 2018 Bibliotheca
1054 1994 1148 2018 Critica
1168 1994 1239 2018 Nova
1259 1997 1284 2018 et
1304 1994 1364 2018 alibi
1387 1994 1485 2024 publici

269 2034 334 2057 iuris
353 2034 422 2062 fecit,
440 2035 525 2065 capite
544 2037 638 2065 quarto
657 2035 843 2065 disputaturus
861 2041 930 2058 sum.

303 2073 329 2101 4)
348 2073 403 2097 vol.
422 2074 462 2097 lv.
480 2082 504 2104 p.
523 2073 663 2098 435—439.

303 2112 329 2141 5)
348 2113 468 2136 Niebuhr
491 2113 515 2137 d.
534 2113 563 2137 21
585 2121 619 2137 m.
638 2114 698 2137 Maii
717 2121 739 2137 a.
758 2113 822 2137 1828
841 2113 905 2137 haec
924 2113 956 2137 de
975 2113 1042 2136 Maio
1061 2112 1149 2136 Geelio
1168 2113 1290 2143 sci-ipsit:
1310 2112 1345 2144 „11
1364 2114 1403 2136 est
1422 2119 1486 2136 con-

270 2151 352 2175 forme
378 2151 393 2175 ἐι
417 2152 467 2175 Vos
493 2153 648 2184 sentimens,
673 2153 816 2182 Monsieur,
841 2153 872 2176 de
889 2159 922 2176 ne
941 2159 986 2182 pas
1006 2152 1108 2176 vouloir
1127 2152 1221 2175 traitei·
1240 2159 1302 2175 avec
1321 2151 1433 2183 rigueur
1451 2151 1487 2176 Μ.

270 2190 329 2216 Mai.
353 2191 367 2214 :i
386 2192 431 2221 qui
451 2199 516 2215 nous
534 2192 632 2216 devons
653 2195 709 2223 trop
729 2199 795 2223 pour
815 2199 846 2215 ue
867 2199 912 2222 pas
930 2192 968 2215 lui
985 2191 1076 2215 devoir
1093 2191 1125 2215 de
1145 2191 1332 2222 l'indulgence.
1351 2191 1485 2215 Personne

271 2230 356 2253 iuieux
386 2238 438 2260 que
466 2231 517 2254 moi
544 2232 649 2255 couuait
678 2239 719 2255 ses
746 2231 849 2255 defauts
880 2238 1028 2255 moraux
1056 2233 1083 2254 et
1110 2230 1268 2260 litteraires;
1288 2231 1353 2254 mais
1372 2238 1402 2254 en
1424 2238 1485 2254 mon

270 2269 423 2299 particulier
439 2270 464 2299 je
484 2270 521 2293 lui
540 2271 564 2293 ai
581 2270 750 2294 d'immenses
768 2271 926 2301 obligations
992 2270 1018 2294 .”
1037 2270 1168 2301 (Epistula
1186 2273 1338 2294 asservatur
1357 2270 1384 2294 iu
1402 2270 1488 2294 Tabu-

270 2308 334 2332 lario
362 2309 539 2333 Bibliothecae
567 2310 721 2338 Leideusis).
742 2310 777 2333 De
795 2310 861 2333 Maio
880 2310 960 2334 Cobet
978 2310 1026 2333 hoc
1045 2309 1174 2333 iudicium
1196 2310 1323 2340 prompsit
1343 2310 1485 2340 („Brieven
