1673 2768
918 307 959 335 44

376 397 475 438 Saepe
500 397 695 438 Lennepium
722 398 770 428 vel
795 408 898 428 coram
926 398 975 428 vel
1000 407 1054 438 per
1079 398 1185 428 literas
1210 399 1247 428 de
1271 398 1411 428 Hesiodo
1436 409 1543 430 secum

333 453 523 494 disceptasse
547 453 622 484 Geel
647 454 756 485 eodem
782 454 849 484 loco
874 454 954 485 scire
979 463 1036 484 nos
1060 454 1162 484 voluit
1178 452 1207 492 1).

377 566 395 604 ἓ
422 565 460 595 10
474 565 498 595 Ι).
534 564 777 606 Opportunitate
801 565 873 596 data
898 575 999 606 pauca
1024 565 1126 595 dicam
1152 565 1190 596 de
1214 565 1347 596 Hesiodi
1370 566 1545 606 fragmento

332 621 468 662 quodam
512 631 530 652 a
572 620 688 652 Cobeto
724 621 855 661 detecto,
889 632 907 652 a
939 621 1047 652 Geelio
1083 621 1262 660 emendato,
1296 632 1314 652 a
1350 621 1544 662 Goettlingio

332 678 415 708 edito
447 688 472 708 a.
502 678 584 708 1843
620 679 653 708 in
686 677 888 718 praefatione,
920 687 1017 718 quam
1052 677 1184 708 Hesiodi
1220 677 1422 709 Carminibus
1457 688 1544 719 prae-

332 735 427 765 misit.

375 790 450 822 Geel
486 802 504 821 a
538 790 655 821 Cobeto
680 791 841 831 petiverat,
865 793 900 821 ut
924 790 983 821 sibi
1010 791 1112 821 varias
1135 791 1286 822 lectiones
1310 792 1342 821 in
1368 790 1544 822 Hesiodum

331 846 493 887 praeberet
507 847 545 885 2);
584 848 639 887 qui
675 847 702 877 d.
741 847 780 876 10
813 857 854 878 m.
881 847 962 887 Aug.
987 857 1013 877 a.
1040 847 1123 877 1842
1149 846 1306 878 Eoearum
1330 847 1543 888 fragmentum

331 903 474 934 Venetiis
504 903 588 944 apud
620 903 820 934 scholiastam
845 904 878 933 in
903 903 1088 944 Euripidem
1114 904 1280 934 inventum
1306 905 1334 934 ei
1359 905 1453 935 misit.
1475 904 1545 935 Hoc

331 960 542 1001 fragmentum
580 962 687 1000 postea
722 970 739 990 a
772 959 889 990 Cobeto
920 963 1096 991 correctum
1112 959 1134 999 3)
1167 960 1243 991 Geel
1268 960 1448 992 emendavit
1473 963 1503 992 et
1527 971 1545 992 a

330 1016 502 1047 Ritschelio
534 1019 663 1057 rogatus
688 1016 881 1057 Goettlingio
905 1017 937 1046 in
962 1026 1057 1047 usum
1083 1017 1214 1047 alterius
1238 1016 1370 1047 Hesiodi
1395 1017 1544 1048 editionis

328 1074 471 1113 permisit
486 1072 516 1111 ⁴).
554 1072 653 1103 Geelii
690 1073 825 1113 epistula
860 1073 891 1103 in
929 1072 1115 1114 Goettlingii
1147 1073 1340 1113 praefatione
1364 1083 1382 1104 a
1406 1084 1434 1114 p.
1459 1073 1542 1104 LIX.

328 1138 430 1169 usque
455 1129 494 1159 ad
520 1139 547 1170 p.
572 1128 657 1159 LXI.
687 1129 811 1169 legitur.

371 1185 446 1216 Geel
470 1185 682 1225 fragmentum
709 1185 753 1216 sic
779 1185 960 1225 descripsit:
987 1184 1059 1225 (mc)
1084 1184 1196 1220 ἧσίοδος
1222 1184 1271 1226 δὲ)
1297 1189 1377 1221 rito-t
1403 1185 1433 1216 δὲ
1455 1187 1543 1224 φιλο-

326 1241 430 1279 μειδὴς
461 1241 608 1280 ἀφροδίτη
642 1241 755 1279 ἠγάσθη
789 1241 949 1280 προϊδοῦσα
973 1253 1066 1276 xxxam
1090 1241 1177 1280 δέσφ’
1203 1241 1330 1278 infimis
1356 1241 1471 1281 φήμην.
1498 1253 1542 1277 τις

325 1297 404 1336 οὶνδρι
441 1298 531 1335 μένει,
569 1297 596 1328 εἴ
627 1298 655 1328 τ’
692 1309 797 1336 εῑςετον
832 1298 1008 1337 προλιποῦσ’
1043 1297 1196 1336 ἐβεβήκει.
1232 1296 1308 1328 ἵκετο
1334 1298 1359 1328 δ’
1385 1297 1407 1328 εἰ
1430 1298 1542 1337 σφιοιίκ

328 1354 416 1394 Φίλων
440 1353 608 1393 μακάρεσσι
633 1355 726 1385 θεοῖσι.
753 1355 788 1390 ὡς
813 1354 842 1385 δὲ
868 1355 1114 1393 κλυτκιμνήστρα
1136 1355 1251 1385 λιποῦσ’
1273 1354 1472 1392 ἀγαμέμνονοι
1486 1355 1543 1386 δῖον

359 1501 385 1531 1)
406 1502 434 1525 D.
452 1501 484 1525 13
503 1509 536 1525 m.
555 1501 627 1532 Sept.
646 1509 668 1525 a.
687 1500 751 1525 1837
771 1501 911 1525 Karstenio
930 1509 977 1525 suo
996 1502 1058 1526 Geel
1077 1502 1195 1533 scripsit:
1215 1502 1348 1535 „Onlangs
1363 1511 1395 1534 op
1413 1503 1457 1527 het
1467 1503 1541 1528 Man-

327 1542 374 1572 pad
395 1541 429 1573 bij
451 1541 518 1565 Pros.
539 1549 560 1565 v.
579 1541 686 1571 Lennep
706 1541 855 1572 logerende‚
874 1541 923 1565 heb
942 1541 968 1565 ik
989 1549 1141 1571 vernomen,
1159 1542 1203 1566 dat
1224 1543 1264 1574 wij
1282 1543 1332 1574 zijn
1344 1543 1542 1574 langbeloosden

328 1581 456 1605 Hesiodus
483 1580 542 1604 toch
567 1583 592 1604 te
613 1581 734 1604 wachten
754 1581 866 1605 hebben,
884 1581 913 1604 Ik
934 1581 984 1604 heb
1003 1589 1032 1604 er
1051 1589 1101 1604 van
1120 1581 1224 1612 gezien:
1242 1582 1274 1605 de
1293 1582 1360 1605 druk
1381 1582 1418 1606 zal
1436 1582 1541 1613 spoedig

325 1628 374 1644 een
401 1628 520 1651 aanvang
548 1620 658 1643 kunnen
687 1620 808 1644 nemen'⁷.
835 1621 951 1651 (Literae
978 1621 1005 1644 in
1026 1620 1187 1644 Bibliotheca
1212 1621 1333 1645 Leidensi
1351 1622 1543 1652 asservantur.)

325 1660 473 1690 Theogonia
491 1667 505 1683 a
524 1659 658 1689 Lennepio
676 1659 746 1682 edita
765 1662 805 1683 est
823 1667 845 1683 a.
863 1659 937 1688 1843,
955 1659 1041 1690 Opera
1059 1663 1085 1684 et
1104 1660 1164 1684 Dies
1183 1668 1205 1684 3.
1224 1660 1296 1685 1847.

358 1698 385 1729 2)
404 1698 476 1726 Quod
496 1702 605 1729 apparet
623 1706 653 1722 ex
672 1698 761 1722 Cobeti
780 1699 811 1722 ad
831 1699 952 1723 Geelium
972 1699 1040 1723 datis
1060 1700 1190 1731 epistulis,
1210 1700 1349 1730 ρ.14·8.01“,
1361 1700 1440 1724 etiam
1452 1708 1474 1731 p.
1485 1699 1541 1724 526.

327 1739 446 1762 Fortasse
468 1738 593 1768 Lennepii
612 1737 736 1761 editionis
754 1745 840 1762 causa.

359 1777 386 1809 3)
406 1778 490 1802 Facile
516 1777 682 1808 intellegitur
706 1778 746 1801 vel
775 1777 913 1808 Cobetum,
938 1778 1060 1808 quamvis
1078 1779 1143 1802 artis
1162 1778 1393 1810 palaeographicae
1414 1779 1542 1810 peritissi-

327 1825 410 1849 mum,
437 1817 566 1841 erravisse
594 1818 621 1840 in
640 1817 727 1841 codice
746 1817 816 1841 lectu
836 1817 992 1841 difficillimo
1014 1818 1059 1848 (cf.
1079 1818 1207 1850 „Brieveu
1228 1826 1276 1842 van
1296 1818 1375 1842 Cobet
1393 1826 1443 1842 aan
1463 1818 1541 1842 Geel”

326 1865 349 1888 p.
368 1856 425 1887 311,
440 1856 513 1887 340);
534 1857 663 1881 miramur
687 1859 776 1880 tamen
795 1865 856 1881 eum
876 1857 916 1881 bis
934 1858 970 1888 (p.
988 1857 1046 1888 311,
1063 1857 1123 1888 340)
1142 1858 1206 1882 alias
1226 1858 1351 1882 lectiones
1371 1859 1540 1889 praebentem

326 1897 470 1920 identidem
491 1904 571 1926 quam
592 1897 704 1923 maxime
723 1896 856 1920 affirmare
875 1904 902 1920 se
921 1897 1062 1927 diligenter
1080 1898 1259 1928 descripsisse.

359 1936 385 1965 4)
405 1936 502 1967 Geelio,
523 1936 569 1966 qui
587 1936 617 1959 ad
637 1936 785 1960 dominium
805 1936 886 1960 huius
905 1937 1047 1967 fragmenti
1065 1938 1185 1961 allusisse
1206 1938 1316 1967 videtur,
1335 1937 1415 1961 Cobet
1434 1945 1542 1968 respon-

325 1976 364 1999 dit
389 1976 434 2006 (11
455 1983 478 2006 p.
497 1975 568 2006 334J:
672 1976 756 2007 „Pron
783 1975 839 1999 Van
866 1976 948 2000 Assen
977 1977 1047 2000 heeft
1075 1977 1119 2008 mij
1147 1977 1260 2008 geleerd,
1287 1977 1330 2001 dat
1350 1985 1474 2001 wanneer
1492 1985 1541 2002 eeu

326 2015 503 2045 sculptor
532 2015 570 2038 uit
598 2022 647 2038 een
676 2015 735 2039 blok
764 2017 838 2039 steen
857 2022 905 2039 een
926 2015 998 2039 beeld
1019 2015 1117 2046 maakt,
1135 2016 1166 2039 de
1185 2016 1308 2047 eigenaar
1328 2024 1376 2040 van
1396 2017 1446 2040 den
1467 2019 1541 2041 steen

325 2055 376 2079 alle
396 2055 470 2079 recht
490 2062 539 2078 van
558 2055 697 2086 eigendom
718 2055 834 2079 verliest.
854 2055 888 2079 De
909 2055 1082 2087 v'ergelijkiiig
1098 2056 1178 2087 deugt
1199 2063 1248 2087 nog
1267 2056 1322 2080 niet
1340 2063 1373 2080 en
1392 2056 1417 2080 ik
1430 2056 1481 2080 kan
1492 2056 1542 2080 dus

326 2095 451 2118 evenmin
477 2095 504 2118 in
529 2095 632 2119 scherts
650 2095 688 2118 als
708 2095 735 2119 in
755 2098 827 2119 ernst
846 2095 895 2119 iets
911 2096 1082 2120 antwoorden
1101 2104 1132 2127 op
1151 2097 1196 2120 het
1215 2097 1301 2120 woord
1330 2097 1524 2128 eigendom
1536 2116 1542 2127 ,

325 2134 369 2157 dat
388 2134 414 2157 ik
434 2134 460 2158 iu
480 2142 559 2158 uwen
579 2135 646 2158 brief
663 2135 738 2158 vind:
760 2142 873 2159 waarom
893 2135 957 2165 (laat
977 2135 1020 2167 mij
1040 2143 1104 2159 eene
1123 2136 1235 2159 seconde
1255 2136 1481 2160 veronderstelleu
1496 2136 1541 2160 dat

325 2173 358 2204 gij
380 2173 434 2196 niet
453 2174 580 2204 schertst)
600 2181 713 2198 waarom
725 2188 754 2191 —
766 2182 839 2198 maai·
857 2175 883 2198 ik
901 2175 949 2199 ben
967 2175 990 2199 al
1006 2178 1032 2199 te
1047 2175 1181 2205 onnoozel,
1206 2178 1240 2199 et
1266 2183 1279 2198 v
1290 2183 1304 2199 ο
1315 2183 1330 2199 ιι
1342 2183 1354 2199 s
1379 2183 1394 2206 p
1406 2176 1412 2199 1
1423 2176 1499 2199 aisa
1510 2183 1540 2199 n-

329 2215 400 2241 tez.
429 2213 454 2236 il
484 2212 541 2244 n'y
566 2221 580 2236 a
608 2221 667 2244 pas
694 2213 734 2237 de
762 2214 885 2243 doute,
912 2217 946 2238 et
975 2222 1063 2238 vous
1090 2222 1130 2239 ne
1154 2215 1453 2245 m'attrapperez
1471 2222 1541 2246 pas.

329 2252 419 2276 indien
447 2260 476 2276 er
504 2254 553 2277 iets
572 2253 602 2280 is,
621 2253 664 2276 dat
684 2260 742 2277 uwe
762 2253 966 2285 belaugstelling
985 2254 1012 2277 os
1029 2254 1091 2278 zelss
1110 2262 1169 2278 uwe
1189 2254 1273 2278 bloote
1291 2254 1539 2285 nieuwsgierigheid

328 2292 428 2323 gaande
456 2293 554 2322 maakt,
581 2299 629 2316 een
660 2292 738 2316 enkel
768 2293 867 2333 woordx
881 2300 914 2317 en
940 2293 965 2317 ik
986 2293 1022 2317 zal
1042 2293 1085 2317 het
1106 2301 1120 2317 u
1141 2294 1314 2323 overzenden,
1331 2296 1385 2317 met
1403 2294 1448 2317 het
1467 2294 1541 2318 recht

328 2343 378 2359 van
396 2335 534 2368 eigendom
552 2336 708 2367 ingesloten.
727 2336 803 2360 Basta
819 2337 897 2360 cosi''.
