1673 2768
694 321 732 350 57

151 413 319 452 Iudicium,
355 413 440 453 quod
477 412 552 443 Geel
588 423 613 443 a.
652 413 734 443 1840
752 410 773 450 1)
798 413 835 443 de
859 412 1019 452 Symbolis
1044 412 1204 443 Literariis
1229 412 1321 450 dedit,

107 469 187 499 infra
211 469 471 500 commemorabo.

150 524 237 556 Haec
267 527 353 565 sunt,
386 525 470 565 quod
496 526 603 564 sciam,
627 534 708 565 quae
733 524 809 555 Geel
835 525 866 554 in
893 524 1001 564 diario,
1028 524 1112 565 quod
1137 524 1322 555 inscribitur

110 581 201 622 „A]g.
226 580 342 612 Konst-
368 591 406 612 en
432 580 648 621 Letterbode'’‚
673 581 710 612 de
735 581 834 612 literis
859 580 1101 611 humanioribus
1127 580 1265 621 protulit.

151 699 169 738 ἓ
194 699 221 728 3.
246 698 421 739 Pergamus
452 699 490 729 ad
516 699 660 738 diarium,
684 700 735 730 cui
761 708 877 729 nomen
902 701 949 729 est
977 698 1044 737 „De
1069 697 1177 737 Gids'',
1201 699 1233 727 in
1260 707 1322 737 quo

106 755 179 786 inde
214 754 253 785 ab
288 765 315 785 a.
355 756 436 785 1837
470 765 525 796 per
557 757 700 797 quinque
724 765 825 786 annos
851 755 947 786 semel
972 756 1004 785 in
1030 764 1113 785 anno
1129 752 1151 792 2)
1177 754 1320 784 Geelium

107 812 271 852 scripsisse
295 814 418 842 constat
432 810 464 850 3).
489 811 580 848 Quod
605 822 630 842 a.
658 812 741 842 1840
767 811 805 842 de
829 811 1000 851 Potgieteri
1024 810 1115 851 libro,
1138 811 1190 840 cui
1210 810 1323 840 titulus

107 871 154 898 est
181 867 263 906 „Het
286 867 467 907 Noorden’'‚
491 868 621 908 rettulit,
645 868 685 898 ad
709 878 775 899 rem
800 871 942 898 nostram
966 877 1029 898 non
1056 868 1176 898 attinet.
1191 866 1323 897 Restant

107 927 257 964 quattuor
292 911 404 965 capita,⁴
438 934 454 955 e
490 924 608 965 quibus
640 925 703 955 duo
736 925 938 965 coniungam,
971 933 1052 964 quae
1077 934 1103 955 a.
1133 924 1214 954 1837
1242 926 1272 954 et
1297 932 1322 953 a.

109 981 190 1011 1841
228 982 262 1011 in
294 981 402 1021 diario,
434 982 485 1011 cui
510 991 625 1012 nomen
654 981 712 1021 „de
737 980 846 1021 Gids”‚
870 981 908 1012 de
935 980 1114 1020 „Symbolis
1139 978 1322 1011 Literariis''

107 1037 241 1078 scripsit.

150 1094 188 1123 A.
228 1094 308 1123 1837
346 1094 474 1124 nomine
510 1103 574 1124 non
606 1093 785 1134 subscripto
818 1093 960 1124 laudavit
974 1092 996 1132 ⁴)
1021 1092 1187 1132 Symbolas
1211 1092 1282 1123 illas
1305 1102 1323 1122 a

107 1149 243 1190 publicis
266 1150 509 1190 gymnasiorum
535 1150 718 1181 doctoribus
743 1153 819 1180 tunc
843 1151 980 1190 primum
1006 1150 1105 1180 editas
1130 1150 1242 1189 iisque,
1267 1149 1323 1189 qui

107 1206 277 1245 ediderant,
311 1206 513 1237 acclamavit:
554 1207 625 1245 „dat
660 1207 695 1246 zij
732 1207 765 1236 in
803 1205 827 1237 's
840 1205 971 1237 Hemels
1006 1216 1098 1236 naam
1132 1208 1321 1246 voortgaan:

107 1263 160 1293 het
193 1262 241 1293 zal
276 1263 342 1293 hun
379 1263 482 1293 steeds
519 1262 605 1293 beter
640 1261 868 1303 gelukken''⁵).
903 1262 1020 1293 Tamen
1057 1273 1082 1292 a.
1110 1263 1150 1292 18
1175 1272 1214 1292 m.
1239 1262 1322 1302 Aug.

107 1319 240 1350 huiusce
264 1319 340 1349 anni
364 1318 533 1350 Karstenio
558 1320 619 1349 iam
645 1320 789 1360 scripsit:
817 1318 894 1359 „Zijt
906 1320 944 1360 gij
960 1319 1003 1349 lid
1018 1329 1079 1349 van
1094 1319 1147 1349 het
1166 1317 1187 1349 S
1201 1328 1217 1348 c
1230 1319 1249 1348 11
1264 1328 1285 1348 u
1299 1318 1322 1348 l-

107 1375 508 1406 manner-VereinP
534 1375 595 1406 dan
620 1385 684 1406 was
709 1385 743 1406 er
767 1376 858 1416 hoop,
879 1375 931 1406 dat
950 1376 989 1416 gij
1012 1375 1050 1406 de
1075 1374 1323 1414 Symbolae

107 1431 319 1462 Criticae
354 1432 452 1472 hielpt
487 1433 669 1472 stijven:
706 1432 758 1463 het
794 1431 887 1473 begin
924 1433 951 1463 is
986 1432 1165 1473 eenigszins
1189 1431 1321 1462 flaauw:

107 1498 193 1518 maar
216 1488 269 1519 het
292 1488 353 1518 kan
379 1488 467 1519 beter
491 1488 627 1519 worden.
652 1487 699 1519 De
723 1488 953 1529 onderneming
978 1489 1004 1519 is
1027 1488 1117 1529 goed,
1142 1497 1181 1519 en
1206 1487 1237 1517 ik
1262 1487 1322 1518 heb

139 1664 162 1691 1)
181 1665 250 1689 Part.
270 1666 288 1689 1.
308 1673 330 1695 p.
349 1664 455 1689 92—93.

139 1704 165 1734 2)
184 1705 255 1728 Idem
276 1705 423 1729 Hamakera
443 1713 465 1736 p.
482 1705 530 1729 122
548 1705 671 1729 affirmat.
690 1706 886 1736 Groenewegen
906 1706 933 1729 in
952 1705 1094 1736 Potgieteri
1114 1706 1166 1729 vita
1185 1709 1264 1730 errat.

138 1743 165 1775 3)
185 1744 260 1768 Errat
287 1744 427 1769 Woltersia
454 1745 569 1775 (,‚N00rd
599 1752 631 1768 en
659 1745 738 1768 Zuits
757 1753 779 1768 a.
797 1744 862 1768 1899
882 1752 905 1775 p.
924 1744 992 1774 485),
1012 1745 1056 1768 ubi
1075 1745 1147 1770 dicit:
1170 1746 1230 1777 „het
1250 1746 1322 1770 koint

107 1783 151 1815 mij
173 1791 241 1813 voor,
260 1785 303 1807 dat
321 1785 393 1808 sinds
412 1784 443 1808 de
461 1784 613 1815 opriehting
632 1792 681 1808 vau
700 1784 759 1813 (den
779 1784 853 1815 Gids)
872 1785 903 1808 de
922 1784 1081 1815 Algenieene
1102 1785 1197 1809 1101151-
1213 1794 1245 1810 en
1263 1787 1322 1810 Let-

105 1823 213 1847 terbode
240 1823 273 1855 bij
300 1823 360 1847 hem
379 1831 451 1848 meet
470 1832 501 1854 op
520 1824 570 1848 den
589 1824 764 1854 achtergrond
784 1823 933 1855 geranktess
952 1824 1024 1852 Quod
1045 1825 1178 1848 refutatur
1197 1826 1237 1855 iis,
1255 1833 1322 1856 quae

106 1870 137 1886 ex
160 1863 272 1893 epistula
290 1863 321 1887 nd
340 1863 510 1887 Karstenium
529 1863 589 1887 data
607 1864 694 1887 attuli.
715 1863 759 1887 Vel
778 1864 876 1894 septies
894 1863 955 1887 inde
975 1864 1006 1887 ab
1027 1872 1049 1888 3.
1067 1864 1132 1888 1838
1150 1872 1234 1895 usque
1250 1865 1281 1888 ad
1300 1873 1322 1890 3.

108 1902 167 1927 1841
190 1903 216 1926 111
235 1903 325 1933 diario,
344 1903 386 1927 eui
405 1911 501 1927 nomen
522 1907 561 1927 est
580 1904 652 1935 „Algn
671 1904 766 1927 Konst-
785 1911 818 1927 en
838 1904 1018 1933 Letterbode'‘,
1037 1904 1149 1935 scripsit.

139 1943 175 1966 Ex
203 1943 294 1966 crebro
321 1946 410 1966 autem
434 1943 573 1967 literarum
592 1943 758 1972 commercio,
777 1943 845 1974 quod
867 1943 916 1967 fuit
936 1944 1003 1967 inter
1022 1944 1142 1967 Geelium
1161 1947 1186 1968 et
1205 1952 1258 1974 eOS,
1276 1945 1322 1975 qui

106 1989 203 2006 novum
222 1982 337 2006 diarium
359 1982 491 2006 edendum
511 1983 648 2012 curabant,
667 1983 742 2007 facile
761 1983 926 2013 intellegitur
942 1984 1127 2007 auctoritatem
1138 1984 1195 2007 eius
1206 1984 1321 2007 multum

106 2022 175 2052 apud
201 2021 259 2045 illos
287 2022 407 2046 valuisse.
435 2022 583 2046 Hamakem
609 2022 667 2046 illas
695 2022 822 2053 epistulas
840 2022 922 2046 edidit
941 2022 967 2045 in
987 2023 1076 2053 diario,
1095 2023 1138 2047 cui
1158 2031 1253 2047 nomen
1275 2023 1321 2054 „de

106 2061 193 2091 Gids'·,
210 2069 232 2085 a.
251 2060 316 2085 1906
336 2062 385 2085 vol.
404 2061 446 2086 111.

139 2100 163 2129 4)
182 2101 216 2124 l.l.
235 2108 258 2131 p.
275 2099 420 2132 392—3963
440 2108 463 2131 p.
481 2100 530 2124 394
549 2105 665 2131 apparet,
683 2108 731 2125 cur
751 2109 847 2125 nomen
868 2109 919 2125 non
938 2102 1133 2132 subscripserit.

139 2139 165 2169 5)
183 2139 219 2163 1.1.
238 2147 261 2169 p.
280 2138 337 2163 396.
364 2140 399 2163 De
426 2140 473 2164 hac
492 2140 619 2164 relatione
638 2140 700 2165 Geel
719 2141 824 2171 scripsit
844 2141 883 2171 iis,
903 2142 948 2172 qui
968 2141 1082 2165 diarium
1099 2142 1231 2166 edendum
1248 2150 1322 2166 cura-

106 2178 182 2201 bant:
209 2178 276 2209 „Het
302 2179 378 2202 stond
397 2178 453 2202 drie
472 2186 538 2203 uren
557 2179 636 2203 nadat
656 2180 700 2203 het
719 2180 783 2203 boek
803 2182 953 2211 ontvangen
974 2188 1035 2209 was
1053 2188 1085 2211 op
1105 2181 1148 2204 het
1168 2182 1272 2212 papier:
1290 2182 1321 2205 de

106 2218 268 2249 vlugtigheid
295 2218 371 2242 dezer
398 2218 574 2249 bebandeling
601 2219 651 2242 ken
681 2219 715 2250 hij
741 2220 875 2243 hiermede
893 2220 979 2243 alleen
999 2221 1258 2252 verontschuldigen,
1278 2222 1321 2245 dat

106 2257 141 2288 hij
170 2257 245 2281 reeds
266 2257 411 2288 halverlijfs
429 2258 455 2281 in
476 2258 519 2281 het
539 2258 638 2288 portier
658 2265 705 2282 van
725 2259 756 2282 de
776 2259 909 2290 Diligence
928 2260 985 2283 stak
1005 2267 1047 2284 om
1067 2268 1130 2284 naar
1149 2261 1320 2285 Duitschland

106 2299 131 2321 te
160 2297 328 2327 vertrekken,
354 2304 387 2320 en
414 2297 469 2320 nlet
496 2297 626 2321 besluiten
653 2297 705 2321 kon
732 2306 761 2321 er
789 2299 879 2329 geheel
908 2299 935 2322 in
964 2302 988 2322 te
1017 2300 1131 2331 kruipen
1159 2300 1264 2324 vocrdat
1286 2301 1320 2332 hij

107 2336 265 2368 uitgegalmd
282 2337 341 2367 had,
360 2336 408 2360 hoe
426 2344 586 2367 aangenaam
606 2337 666 2361 hem
686 2337 717 2361 de
738 2338 915 2369 versehijning
935 2345 984 2362 van
1004 2339 1047 2362 het
1067 2339 1132 2363 boek
1154 2341 1229 2364 wass
