1673 2768
719 313 780 342 125

141 404 189 435 bis
226 403 298 445 (VI.
337 405 394 447 16)
430 405 470 435 ταὶ
508 404 574 436 ἴδιαι
610 404 820 443 ἐπιβοώμενος,
857 415 938 446 quae
972 407 1104 444 (invitus
1129 407 1265 448 affirmo)
1291 419 1353 439 non

141 461 344 501 intelligebat,
373 462 522 502 deceptus
547 462 680 493 fortasse
704 462 742 493 ab
767 462 883 493 Lexioo
908 462 1133 493 Passoviano''.

186 516 239 547 Vs.
274 518 368 556 1369,
393 520 448 558 qui
474 520 586 549 eicitur
609 529 626 549 a
651 519 888 557 Valckenaerio,
913 519 1093 549 defenditur
1116 529 1133 549 a
1158 519 1281 551 Klotzio
1307 522 1355 552 his

141 573 262 603 verbis:
288 575 364 614 „qui
381 575 497 605 fatetur
511 585 544 605 se
559 575 720 605 victoriam
736 575 887 605 nefariam
903 578 1020 615 optare,
1033 585 1067 605 se
1081 585 1235 606 excusare
1249 577 1355 607 studet

142 630 386 670 quodammodo,
400 631 483 671 quod
498 632 574 672 petit
588 631 748 670 omnino'',
762 632 793 661 in
808 641 889 671 quae
903 631 977 662 Geel
991 631 1083 662 solito
1097 632 1229 662 fortasse
1243 632 1354 664 durius

140 686 195 716 sed
218 687 453 726 percommode:
479 697 555 727 „ego
579 688 639 717 iam
662 697 754 727 saepe
776 687 850 725 vidi,
873 687 977 718 verbis
1011 697 1028 727 q
1044 697 1095 717 ua
1109 689 1163 725 si,
1190 698 1207 716 v
1221 698 1237 718 e
1252 688 1259 718 l
1275 699 1293 719 u
1309 693 1320 719 t
1334 689 1352 727 i,

141 753 160 782 q
174 753 192 772 u
209 752 226 772 o
240 743 257 772 d
273 753 289 773 a
303 753 331 773 m
347 753 375 773 m
391 753 408 773 o
422 744 440 773 d
455 753 472 773 o
515 747 544 774 et
579 744 738 774 similibus
773 743 917 775 vectibus
954 745 1092 774 maxima
1128 744 1350 775 difficultatum

141 799 279 838 pondera
307 801 412 839 urgeri
439 809 538 840 posse,
565 810 627 830 non
654 801 788 831 moveri:
816 810 914 840 quare
938 801 975 831 iis
1001 800 1142 831 diffidere
1166 801 1351 833 consuevi.”

183 911 200 951 ξ
226 912 254 941 2.
286 911 469 942 Phoenissis
494 912 623 942 edendis
649 911 724 942 Geel
748 912 931 952 praesertim
958 911 1176 942 Valckenaerii
1202 912 1352 944 honorem

139 967 292 998 adversus
328 967 546 998 Hermannum
584 968 752 999 defendere
787 967 847 998 sibi
872 971 1086 1008 proposuerat.
1111 968 1161 998 Ex
1187 969 1353 1009 permultis

140 1023 217 1054 locis
241 1024 413 1055 nonnullos
437 1025 516 1065 elegi
541 1028 571 1055 et
594 1025 706 1065 partim
733 1025 891 1065 descripsi.

184 1079 239 1110 Vs.
271 1081 329 1111 ‘272
357 1081 509 1122 „Tantum
536 1081 702 1122 adscripsit
725 1081 930 1112 Hermannus
955 1081 1041 1111 hunc
1064 1082 1200 1121 primum
1227 1091 1353 1113 versum

139 1137 171 1166 in
196 1136 380 1168 Phoenissis
405 1147 482 1175 esse,
508 1147 601 1178 quem
628 1138 876 1168 Valckenaerius
898 1147 953 1178 pro
974 1139 1083 1178 spurio
1101 1137 1263 1176 habuerit3
1278 1139 1354 1170 satis

139 1193 303 1224 defensum
340 1203 409 1224 esse
445 1204 462 1224 a
495 1194 646 1225 Porsono.
679 1194 800 1225 Vellem
825 1197 855 1225 et
878 1194 1099 1225 Valekenaerii
1123 1194 1352 1225 dubitationem

139 1252 168 1280 et
205 1249 339 1280 Porsoni
373 1250 587 1281 defensionem
620 1252 687 1291 ipse
713 1251 919 1291 explorasset.
944 1250 1004 1282 Sed
1030 1250 1191 1281 Porsonus
1215 1251 1353 1291 profecto

139 1315 202 1336 non
226 1306 319 1346 longe
343 1306 403 1336 fuit
427 1306 465 1336 ab
491 1306 673 1346 dubitando,
698 1308 753 1347 qui
775 1307 907 1338 dixerit:
932 1316 1028 1346 „sane
1040 1317 1103 1337 non
1118 1308 1212 1338 nimis
1226 1307 1353 1347 elegans

138 1365 185 1393 est
210 1372 330 1401 versus,
356 1372 459 1404 neque
482 1363 708 1394 accuratus¹'’'.
734 1363 780 1394 De
805 1373 868 1404 quo
894 1373 987 1394 versu
1013 1364 1070 1394 hoc
1091 1367 1138 1394 est
1159 1363 1257 1394 Geelii
1272 1364 1353 1394 iudi—

138 1420 240 1449 cium:
287 1421 333 1458 „si
368 1419 441 1450 fecit
476 1420 560 1450 hunc
597 1430 724 1451 versum
761 1420 938 1460 Euripides,
974 1420 1183 1460 incogitanter
1217 1421 1351 1460 scripsit.
1397 1457 1400 1462 Ι

138 1476 275 1507 Amabat
310 1477 525 1517 etymologias,
561 1477 707 1516 concedo,
743 1481 772 1508 et
808 1481 938 1518 poterat,
975 1478 1067 1508 modo
1099 1479 1215 1518 aptius,
1239 1478 1353 1517 origini

139 1532 284 1563 vocabuli
321 1532 462 1573 Oedipus
498 1533 646 1564 alludere.
681 1533 741 1565 Sed
778 1534 867 1564 licuit
898 1534 998 1564 eidem
1026 1535 1187 1565 omittere:
1216 1533 1353 1573 quidni?

139 1591 169 1619 et
192 1589 372 1629 gratissima
395 1589 455 1620 fuit
478 1589 566 1620 fabro
591 1589 837 1631 interpol(a)ndi
862 1591 984 1620 occasio
1010 1591 1042 1620 in
1064 1600 1097 1621 re
1126 1589 1299 1620 tralaticia”
1324 1588 1354 1627 1).

186 1645 235 1676 Ad
261 1655 304 1676 vs.
330 1646 392 1676 207
419 1649 602 1686 arroganter
614 1647 824 1687 adscripserat
837 1646 1019 1677 Hermann:
1036 1647 1215 1687 „ingentem
1230 1647 1351 1686 copiam

140 1701 301 1733 doctrinae
324 1702 464 1742 profudit
490 1702 746 1741 Valckenaerius‚
771 1706 806 1733 ut
829 1702 1058 1733 absurdissima
1082 1704 1290 1743 interpretum
1316 1702 1353 1733 de

138 1758 196 1788 hoc
221 1758 288 1788 loco
313 1762 490 1789 commenta
515 1759 672 1798 refutaret,
698 1769 759 1789 non
785 1759 919 1790 feliciter
939 1762 1042 1789 tamen
1065 1760 1132 1800 ipse
1152 1768 1217 1789 rem
1231 1768 1353 1799 gerens,

138 1825 237 1855 quum
260 1825 321 1845 non
346 1815 465 1846 videret
486 1825 549 1856 quo
564 1816 640 1846 vitio
654 1816 730 1846 haec
743 1815 930 1846 laborarent.
944 1815 979 1846 Id
994 1819 1040 1846 est
1053 1816 1085 1845 in
1099 1814 1295 1853 κκτενσέσθηνς
1312 1834 1350 1837 —

137 1871 303 1902 Sublatum
340 1876 387 1902 est
423 1872 534 1902 vitium
572 1873 604 1902 in
641 1872 708 1902 edd.
745 1871 969 1910 Dindorfianis,
1004 1873 1035 1902 in
1069 1872 1187 1912 quibus
1219 1882 1259 1903 ex
1284 1881 1353 1903 mea

137 1928 357 1959 emendatione
382 1929 535 1969 scriptum
561 1931 608 1959 est
633 1928 830 1963 ursacio-627&
856 1928 893 1958 In
919 1938 1000 1968 quae
1025 1928 1099 1959 Geel
1122 1929 1191 1959 iure
1217 1929 1350 1969 optimo:

140 1985 255 2023 „immo
280 1994 360 2025 quae
384 1984 633 2015 Valckenaerius
658 1986 782 2025 copiose
808 1985 989 2025 disputavit,
1013 1994 1075 2015 non
1102 1985 1163 2015 huc
1185 1986 1352 2025 pertinent,

137 2041 192 2071 sed
217 2041 254 2071 ad
280 2042 454 2081 sequentia,
478 2045 544 2072 tum
571 2042 693 2072 amicus
717 2041 825 2081 Kingii
852 2042 972 2072 dudum
987 2042 1164 2072 coniecerat
1177 2040 1352 2081 κκτενοὲσθη,

136 2097 233 2137 idque
268 2097 328 2128 sibi
363 2108 425 2128 non
462 2098 628 2138 displicere
665 2099 941 2138 perspicuis
978 2097 1081 2128 verbis
1115 2098 1195 2128 dixit
1220 2098 1351 2129 Valcke-

139 2154 286 2184 naerius''
299 2152 337 2195 2).

171 2288 197 2317 1)
215 2289 252 2312 Cf.
270 2289 350 2312 huius
368 2288 496 2313 Sectionis
516 2297 539 2320 p.
559 2289 613 2312 121.

172 2327 199 2358 ΕΞ)
217 2328 245 2351 In
265 2328 463 2353 Weckleinlana
483 2329 598 2352 editione
617 2328 702 2359 Kingii
723 2328 871 2352 emendatio
890 2328 1021 2355 κατενάσθη
1040 2329 1237 2352 circumfertur.
