1673 2768
872 287 927 307 XIV

289 373 435 403 meritum
460 375 522 402 tam
549 371 587 401 de
612 372 720 411 patriis
745 380 838 411 quam
866 370 904 400 de
929 369 1080 408 classicis,
1105 377 1187 409 quae
1211 368 1372 407 dicuntur,
1393 366 1503 403 literis,

288 432 351 459 tam
377 429 415 459 de
439 429 581 459 doctrina
607 437 701 468 quam
727 427 765 458 de
790 427 866 457 viris
892 426 1002 465 doctis,
1026 429 1089 455 tam
1116 424 1154 455 de
1179 433 1311 454 munere
1335 432 1393 453 suo
1408 432 1503 463 quam

289 485 328 515 de
353 485 472 515 amicis.

335 541 477 572 Perlecta
511 540 711 571 Hamakerae
747 539 960 580 disputatione
993 547 1028 568 ea
1059 537 1293 576 commentatio,
1319 545 1414 577 quam
1438 535 1506 576 ipse

290 598 328 628 de
365 597 472 628 Geelio
507 595 708 627 conscribere
738 596 799 626 iam
831 594 1029 636 aliquamdiu
1055 593 1215 634 parabam,
1239 593 1332 623 cuius
1355 601 1451 622 causa
1476 594 1506 622 et

291 654 328 684 de
365 653 472 685 Geelio
504 654 572 693 ipso
597 655 626 684 et
650 652 688 683 de
712 651 900 692 aequalibus
925 651 995 681 eius
1020 650 1097 680 satis
1122 649 1258 690 amplam
1285 650 1347 679 iam
1373 648 1506 688 college-

290 719 355 740 ram
394 710 567 748 materiam,
592 710 693 749 primo
719 709 848 738 omnino
874 706 1049 738 omittenda
1070 707 1147 736 mihi
1172 705 1356 743 videbatur,
1382 704 1507 743 deinde,

291 776 363 796 cum
389 766 683 796 animadvertissem
711 774 807 795 unam
834 767 954 804 partem
980 763 1169 804 argumenti,
1194 771 1299 803 neque
1323 771 1390 792 eam
1414 761 1507 792 levis-

292 823 416 862 simam,
448 823 597 852 intactam
624 821 688 852 fere
713 830 782 851 esse
806 820 960 861 relictam,
984 820 1017 850 in
1043 829 1079 850 ea
1104 822 1192 860 parte
1217 818 1405 859 explicanda
1431 817 1508 858 quid

294 878 444 920 proficere
480 888 616 919 possem,
653 878 792 918 experiri
829 876 965 916 decrevi,
1001 886 1041 907 ne
1077 875 1177 907 Geelii
1210 876 1325 916 imago,
1351 876 1507 915 quantum

294 945 348 976 per
371 945 420 966 me
445 938 550 975 staret,
576 938 717 965 maneret
741 933 934 974 imperfecta.

337 991 450 1032 Itaque
486 992 544 1022 hoc
577 991 732 1032 opusculo
766 990 845 1020 nihil
869 989 956 1020 aliud
981 989 1138 1030 agendum
1164 989 1241 1019 mihi
1264 988 1424 1029 proposui,
1448 987 1510 1018 nisi

295 1052 329 1078 ut
368 1048 592 1079 Hamakerano
628 1048 715 1088 operi
749 1047 856 1078 darem
880 1046 1150 1087 supplementum,
1174 1045 1229 1076 sed
1253 1044 1510 1085 supplementum

297 1105 524 1136 necessarium.

340 1161 416 1192 Geel
452 1161 535 1191 enim
570 1163 642 1191 ante
675 1161 781 1190 omnia
805 1159 865 1190 fuit
890 1159 1070 1200 philologus
1091 1159 1252 1189 classicus.
1279 1156 1370 1194 Quod
1394 1161 1430 1187 ut
1454 1157 1513 1187 hoc

296 1218 363 1247 loco
399 1218 460 1247 iam
497 1216 638 1257 probem,
670 1216 797 1247 afferam
829 1216 1010 1246 testimonia
1034 1218 1063 1246 et
1089 1214 1187 1246 Geelii
1213 1215 1316 1255 ipsius
1341 1216 1371 1244 et
1393 1212 1512 1244 Naberi

295 1277 326 1304 et
354 1273 563 1304 Hamakerae.

340 1330 392 1369 Iis,
428 1331 483 1370 qui
520 1330 666 1369 diarium,
702 1330 754 1360 cui
791 1338 906 1360 nomen
942 1329 1000 1367 „de
1032 1327 1141 1368 Gids'',
1166 1327 1325 1359 edendum
1350 1326 1513 1365 curabant,

297 1397 336 1417 m.
370 1385 436 1416 Oct.
472 1396 497 1416 a.
533 1387 617 1416 1838
654 1385 731 1416 Geel
767 1386 843 1416 haec
878 1386 1003 1426 scripsit
1019 1384 1058 1422 ¹):
1094 1384 1150 1423 „111
1175 1384 1271 1415 reken
1298 1384 1347 1424 mij
1374 1384 1451 1414 door
1475 1383 1513 1414 de

297 1442 449 1473 Recensie
462 1441 487 1479 ²)
522 1443 632 1482 mijner
666 1441 858 1472 Phantasien
896 1444 948 1472 ten
984 1442 1115 1482 hoogste
1150 1441 1291 1480 vereerd,
1325 1440 1404 1470 doch
1429 1440 1514 1470 alte

298 1509 369 1530 zeer
402 1508 626 1539 geprezen....
658 1498 695 1528 In
721 1500 778 1529 een
805 1498 882 1539 ding
905 1499 965 1538 zijn
991 1499 1038 1538 wij
1065 1498 1117 1529 het
1141 1498 1206 1529 niet
1231 1507 1322 1528 eens:
1348 1497 1387 1536 hij
1413 1496 1515 1527 wacht

299 1565 384 1587 meer
408 1565 469 1585 van
495 1555 534 1586 de
558 1555 716 1586 toekomst
741 1555 801 1585 dan
826 1554 867 1585 ik.
891 1554 965 1585 Wat
989 1555 1039 1595 mij
1065 1554 1186 1593 betreft,
1210 1554 1256 1584 als
1280 1553 1516 1593 holl.schrijver

299 1612 359 1642 kan
396 1611 428 1641 ik
453 1612 517 1642 niet
542 1611 657 1651 bliJ'ven
683 1611 852 1652 optreden:
877 1612 909 1641 in
935 1611 974 1642 de
997 1611 1097 1642 kunst
1120 1611 1181 1641 kan
1206 1611 1238 1641 ik
1263 1612 1345 1641 niets
1369 1610 1514 1647 leveren;

300 1668 393 1707 miJne
428 1670 545 1698 natuur
580 1667 663 1707 drijft
694 1668 744 1707 mij
777 1667 881 1698 steeds
905 1670 951 1698 tot
975 1667 1026 1698 het
1051 1667 1368 1698 didactische:
1394 1676 1451 1697 zoo
1474 1666 1516 1705 ik,

301 1723 378 1754 door
402 1725 458 1754 een
484 1723 575 1754 enkel
600 1724 677 1754 zaad
701 1726 731 1755 te
755 1725 913 1764 strooijen,
935 1724 994 1755 iets
1015 1724 1105 1755 mede
1125 1723 1307 1764 toegebragt
1327 1722 1388 1754 heb
1409 1726 1454 1753 tot
1474 1741 1514 1744 —

300 1779 331 1810 ik
356 1783 435 1811 weet
460 1781 524 1811 niet
547 1783 617 1819 wat,
638 1780 699 1811 dan
719 1780 780 1811 ben
794 1780 826 1811 ik
839 1781 930 1812 reeds
943 1780 1124 1811 tevreden”.
1138 1780 1272 1821 Aliquot
1284 1781 1377 1811 annis
1390 1783 1461 1821 post
1475 1778 1515 1818 3);

304 1836 377 1875 „(ik)
402 1836 461 1867 heb
487 1846 521 1867 er
543 1846 623 1877 geen
648 1836 778 1867 berouw
802 1847 863 1867 van
888 1837 941 1868 dat
965 1837 997 1867 ik
1021 1847 1082 1867 van
1109 1837 1181 1868 dien
1206 1838 1324 1877 uitstap
1349 1837 1516 1868 onherroe-

301 1893 393 1933 pelijk
417 1896 463 1923 tot
487 1894 581 1932 m'rjne
605 1893 687 1924 oude
711 1893 837 1924 studien
864 1893 1091 1934 teruggekeerd
1119 1893 1210 1924 ben”.

345 1948 450 1979 Naber
483 1949 520 1979 (19
546 1949 653 1980 Geelio
678 1950 804 1990 scripsit
817 1949 858 1987 4);
887 1949 1005 1988 ,,(Οτ991)
1031 1949 1185 1981 1)9(119ι](19
1209 1950 1279 1980 zich
1303 1951 1335 1980 in
1361 1950 1440 1989 zijne
1463 1959 1514 1990 ge-

303 2005 452 2036 scbriften
479 2005 538 2035 ook
563 2016 622 2036 van
649 2006 686 2037 de
713 2006 901 2037 moedertaal
927 2016 964 2037 en
990 2016 1055 2037 was
1080 2007 1157 2037 door
1181 2007 1239 2047 zijn
1266 2005 1451 2037 Onderzoek
1476 2016 1514 2038 en

336 2097 363 2128 1)
382 2098 435 2121 Hae
462 2098 591 2128 epistulae
619 2101 790 2123 asservantur
817 2099 843 2123 in
872 2099 1032 2122 Bibliotheca
1060 2098 1246 2123 Universitatis
1265 2099 1518 2122 Amstelodamensis

304 2136 437 2167 publicae;
456 2140 518 2161 sunt
538 2137 622 2161 editae
639 2138 670 2162 ab
690 2138 838 2162 Hamakera
857 2139 883 2162 in
903 2138 994 2168 diario,
1013 2139 1055 2163 cui
1074 2146 1170 2162 nomen
1189 2141 1228 2162 est
1248 2138 1296 2167 „de
1315 2138 1403 2166 Gids‘}
1421 2138 1519 2162 a.1906

306 2177 353 2199 vol.
373 2176 403 2199 11.
423 2184 446 2206 p.
464 2176 605 2206 177-206,
624 2184 648 2207 p.
667 2177 806 2201 418-446.

338 2215 364 2243 2)
385 2216 481 2239 Earum
501 2223 641 2240 censuram
660 2220 749 2248 egerat
769 2217 920 2241 Bakhuizen
942 2225 990 2242 van
1009 2217 1059 2241 den
1079 2217 1169 2241 Brink.

339 2253 365 2283 3)
384 2255 412 2278 A.
432 2254 496 2278 1849
515 2256 541 2278 in
561 2256 674 2286 epistula
692 2256 722 2279 ad
744 2256 876 2280 Beetsium
895 2256 955 2280 data
973 2257 1018 2287 (cs.
1037 2257 1201 2281 Hamakerae
1220 2257 1290 2287 Disp.
1310 2265 1333 2287 p.
1350 2256 1420 2287 124).

339 2293 366 2323 4)
385 2294 462 2322 „Vier
479 2295 683 2326 Tijdgenooten''
704 2304 727 2326 p.
744 2296 800 2319 182.
