1673 2768
870 306 913 325 XII

314 392 328 422 ξ
345 391 368 415 4.
387 391 475 415 Multis
494 390 557 414 locis
575 390 599 413 ei
618 390 736 421 contigit,
756 392 785 413 ut
804 391 907 413 textum
927 389 1062 419 integrum
1082 388 1219 412 redderet:
1410 361 1460 384 Pag.

387 444 411 460 α.
431 436 576 466 vulgatiora
594 435 638 458 illa
658 435 752 458 menda
771 434 940 458 librariorum
960 433 1088 463 correxit;
1127 451 1331 457 .....
1448 432 1497 456 107

390 481 412 505 b.
431 488 476 511 pro
496 481 575 504 verbo
594 480 730 504 usitatiore
749 479 888 503 substituit
906 479 1018 503 verbum
1037 479 1126 503 minus
1146 479 1288 509 usitatum;
1324 497 1330 502 .
1365 478 1412 502 107
1420 477 1496 502 —109

389 534 409 551 c.
427 526 577 550 emendavit
596 533 627 549 ex
647 526 735 549 Dionis
755 525 888 555 sontibus;
924 543 1331 549 .........
1449 523 1497 547 109

387 572 412 596 d.
431 579 503 595 mera
523 571 685 595 divinatione
705 570 795 594 Dionis
815 573 919 594 textum
939 570 1064 594 restituit.
1127 588 1330 594 .....
1365 568 1497 593 109-113

664 750 771 780 Sumo
797 749 853 779 ΙΙΙ.
880 759 907 789 p.
936 750 1118 778 114—148.

578 818 625 849 De
649 818 749 849 Geelii
773 817 912 848 editione
937 817 1194 848 Pboenissarum.

280 894 375 923 CAPUT
396 894 419 922 I.
443 904 460 931 p
496 893 660 921 114—122.

357 952 435 985 Quid
454 951 525 980 Geel
542 950 691 988 Euripidis
708 949 878 978 Phoenissas
896 949 989 978 denuo
1008 949 1093 978 edens
1105 949 1159 978 sibi
1170 950 1352 987 proposuerit

357 1013 500 1042 quamque
522 1003 599 1032 viam
622 1012 654 1030 ao
675 1002 816 1030 rationem
838 1001 875 1029 sit
897 1004 1019 1030 secutus.

311 1062 323 1093 §
340 1062 362 1086 1.
382 1062 417 1085 De
437 1061 494 1085 eius
512 1061 539 1084 in
558 1060 708 1084 Phoenissis
727 1060 814 1083 denuo
834 1059 942 1083 edendis
961 1059 1070 1083 consilio
1120 1077 1326 1083 .....
1361 1058 1494 1083 114—118

311 1108 323 1138 ἓ
341 1106 364 1131 2.
383 1107 450 1135 Quid
468 1107 500 1130 de
520 1114 549 1130 ea
568 1105 683 1129 editione
703 1105 751 1128 viri
770 1105 839 1128 docti
858 1105 1035 1129 iudicaverint
1069 1124 1324 1129 ......
1360 1104 1494 1129 118-120

310 1153 323 1184 ἓ
342 1152 364 1177 3.
383 1152 450 1181 Quid
469 1151 531 1176 Geel
550 1151 582 1175 de
600 1151 734 1175 codicibus
753 1153 778 1174 et
797 1151 828 1174 de
847 1158 876 1174 re
895 1151 1006 1175 metrica
1024 1150 1181 1174 iudicaverit
1219 1169 1224 1175 .
1270 1169 1275 1174 .
1319 1169 1325 1175 .
1359 1149 1492 1174 120—122

277 1222 373 1251 CAPUT
392 1222 431 1251 II.
453 1233 480 1260 p.
506 1223 669 1250 123—134.

356 1280 449 1309 Geelii
471 1280 505 1308 de
527 1279 730 1309 Valckenaerii
752 1279 875 1308 editione
896 1279 1044 1308 iudicium.

308 1339 320 1370 g
338 1339 361 1363 1.
379 1338 481 1367 Quibus
508 1338 592 1362 modis
611 1337 863 1362 Valckenaerianam
881 1337 1026 1362 editionem
1045 1340 1098 1361 tam
1117 1338 1149 1362 ab
1169 1337 1325 1362 Firnhaberi

383 1387 409 1408 et
427 1384 520 1407 Klotzii
565 1402 1323 1408 ................
1359 1382 1491 1407 123-125

307 1429 360 1461 52.
378 1437 458 1460 quam
491 1429 522 1452 ab
556 1429 703 1453 Hermanni
731 1429 944 1453 accusationibus
970 1431 1050 1460 atque
1078 1429 1323 1453 insimulationibus

383 1474 531 1498 defenderit
535 1492 1324 1499 .................
1359 1473 1491 1498 125—133

308 1521 319 1551 ἓ
337 1520 361 1544 3.
380 1520 416 1544 De
434 1520 570 1544 nonnullis
589 1520 660 1550 locis,
679 1519 776 1551 quibus
794 1520 1015 1544 Valckenaerium
1034 1520 1197 1551 oppugnavit
1217 1539 1223 1545 .
1267 1539 1272 1544 .
1316 1539 1322 1545 .
1357 1519 1491 1545 133—134

275 1592 372 1619 CAPUT
393 1591 448 1620 111.

354 1643 437 1671 Lanx
459 1645 558 1671 satura
579 1643 730 1672 variarum
752 1642 846 1672 Geelii
868 1643 1111 1672 observationum.
1166 1667 1171 1672 .
1217 1667 1221 1672 .
1265 1667 1271 1672 .
1315 1665 1319 1670 .
1356 1646 1489 1672 134—148

801 1805 964 1836 Emnoous.
1356 1811 1488 1836 149—156

314 2059 449 2095 Plagulas
471 2062 602 2088 recentes
624 2068 640 2087 a
663 2058 743 2096 prelo
764 2058 870 2096 raptim
891 2058 1072 2095 perlustrans
1095 2067 1121 2095 p.
1145 2059 1182 2086 31
1205 2066 1246 2086 vs.
1270 2058 1308 2086 20
1326 2057 1356 2086 C.
1369 2056 1401 2086 O.
1414 2057 1486 2086 Her-

272 2120 410 2139 mannum
440 2120 490 2148 pro
521 2111 682 2139 Godofredo
711 2111 854 2148 scriptum
875 2110 1061 2148 deprehendi.
1083 2109 1188 2139 Menda
1209 2109 1319 2139 leviora
1339 2110 1486 2147 corrigant

274 2164 328 2201 ipsi
349 2163 478 2201 mihique
499 2163 663 2192 condonent
685 2163 714 2200 ii,
736 2163 786 2201 qui
810 2163 916 2200 legent.
