1673 2768
892 323 932 352 34

308 418 448 459 tetigisse
484 418 560 448 mihi
597 427 659 448 non
696 417 835 447 videtur:
874 425 956 446 nova
991 416 1075 446 enim
1113 414 1212 445 Geelii
1248 416 1435 455 argumenta
1459 413 1524 444 fere

307 475 456 516 neglexit.

351 587 368 626 ξ
394 587 420 616 7.
445 586 482 616 111
516 585 657 616 Historia
689 584 841 615 Literaria
867 582 985 613 Classis
1010 583 1128 621 tertiae,
1152 582 1235 612 edita
1259 592 1284 612 a.
1312 582 1394 611 1848
1419 584 1473 612 aut
1498 591 1523 611 a.

309 640 435 682 18551)
470 651 498 682 p.
538 641 578 671 68
614 650 659 681 sq.
695 640 831 680 legimus
867 639 1011 669 Geelium
1045 638 1072 668 d.
1098 639 1138 668 29
1164 648 1202 668 m.
1228 637 1303 668 Maii
1329 648 1354 668 a.
1383 638 1464 668 1837
1492 638 1523 667 111

306 698 458 729 Instituto
501 697 797 728 commentationem
838 696 876 726 de
911 695 1091 726 Stesichoro
1128 696 1262 735 eiusque
1297 694 1525 725 Recantatione

307 755 430 795 legisse.
465 754 539 784 Tam
576 753 713 784 absurda
745 756 860 791 tamen,
885 761 980 792 quam
1006 751 1046 781 l.l.
1072 753 1296 790 memorantur,
1321 741 1525 790 Geel‘legere

307 821 371 842 non
396 812 505 852 potuit.
522 808 550 848 2)
585 810 705 840 Ibidem
739 808 814 840 Geel
848 808 965 839 dieitur
989 808 1070 838 hanc
1094 809 1392 839 commentationem
1417 809 1525 848 postea

308 868 444 899 edidisse
480 868 512 897 in
549 866 660 897 Museo
696 865 859 904 Rhenano,
896 874 978 905 quae
1014 864 1110 895 verba
1145 867 1264 905 partem
1302 866 1426 895 tantum
1460 864 1524 894 veri

308 924 467 956 exhibent.

353 981 489 1022 Egregia
524 980 578 1010 illa
613 979 651 1010 ad
686 978 888 1009 Welckerum
922 977 1066 1018 epistula,
1091 988 1153 1018 qua
1177 977 1230 1008 ille
1253 977 1398 1008 Rhenani
1423 976 1527 1008 Musei

312 1038 464 1068 volumen
502 1038 628 1067 sextum
647 1034 669 1073 3)
706 1036 838 1076 aperuit,
875 1035 947 1065 data
982 1037 1029 1065 est
1054 1034 1081 1064 d.
1109 1035 1147 1065 10
1173 1044 1212 1064 m.
1237 1034 1357 1075 Aprilis
1381 1044 1407 1064 a.
1435 1034 1527 1064 1838.

311 1093 410 1124 Cuius
458 1093 612 1133 epistulae
649 1093 707 1122 hoc
744 1092 820 1122 mihi
852 1091 1020 1122 consilium
1054 1091 1153 1122 fuisse
1186 1091 1321 1129 videtur,
1356 1093 1392 1121 ut
1427 1093 1457 1121 et
1490 1090 1528 1121 de

310 1150 481 1181 Stesichori
506 1149 672 1180 Palinodia
696 1150 801 1189 ageret
825 1151 855 1179 et
879 1148 1109 1178 demonstraret
1134 1157 1192 1187 „ne
1217 1148 1373 1178 maximas
1399 1147 1527 1187 quidem

312 1216 361 1238 res
397 1207 524 1237 tractari
560 1215 652 1246 posse
677 1205 745 1236 sine
770 1204 999 1235 vocabulorum
1026 1204 1193 1235 adrosione
1217 1206 1247 1234 et
1270 1205 1409 1244 aucupio
1434 1203 1527 1243 sylla·

310 1262 443 1294 barum”
460 1264 492 1300 ⁴).
528 1261 565 1292 In
601 1262 704 1302 priore
739 1262 823 1292 enim
861 1264 949 1302 parte
973 1261 1135 1301 epistulae,
1161 1270 1242 1301 quae
1267 1261 1457 1291 hilarissime
1482 1263 1529 1291 est

311 1320 498 1360 conscripta,
512 1317 534 1357 5)
570 1321 676 1349 narrat
711 1327 744 1349 se
779 1328 804 1348 a.
843 1318 925 1348 1837
959 1317 1089 1348 Bonnae
1112 1318 1145 1347 in
1170 1317 1319 1348 convivio
1344 1327 1417 1348 cum
1443 1316 1527 1347 Wel-

311 1376 404 1407 ckero
440 1375 687 1406 sermocinatum
713 1383 782 1405 esse
807 1375 908 1414 primo
933 1374 971 1404 de
995 1373 1165 1404 Stesichori
1190 1373 1376 1414 fragmentis
1401 1383 1419 1403 a
1443 1372 1528 1404 Klei—

311 1434 365 1463 nio
400 1432 550 1470 collectis,
586 1431 624 1462 de
660 1430 778 1471 quibus
813 1430 960 1461 Welcker
991 1440 1017 1460 a.
1052 1430 1135 1460 1829
1160 1430 1191 1460 in
1218 1429 1321 1460 Iahnii
1347 1429 1528 1460 Annalibus

311 1489 466 1520 iudicium
506 1488 631 1528 fecerat,
667 1487 781 1518 deinde
816 1490 922 1518 autem
960 1487 998 1518 de
1035 1489 1177 1517 veterum
1214 1487 1376 1517 literarum
1415 1485 1530 1525 studio,

316 1546 420 1586 „quod
455 1544 635 1584 (Welcker),
669 1545 751 1575 serio
787 1554 826 1575 an
858 1545 935 1583 ioco,
966 1544 1010 1574 ita
1034 1543 1148 1574 dehinc
1172 1543 1403 1574 instituendum
1431 1542 1529 1573 videri

313 1602 448 1641 aieba(t),
473 1604 508 1632 ut
533 1601 672 1642 plurium
698 1601 854 1632 desiderio
880 1599 1069 1631 satisfieret''
1084 1599 1116 1638 θ).

347 1756 372 1785 1)
393 1754 523 1779 Praefatio
542 1754 603 1778 data
621 1756 660 1778 est
680 1761 714 1777 m.
732 1753 781 1778 Iul.
799 1761 822 1777 a.
841 1752 915 1784 1855,
934 1753 977 1776 sed
1000 1753 1026 1777 in
1046 1753 1124 1777 titulo
1143 1760 1229 1777 annus
1248 1752 1313 1776 1848
1329 1752 1474 1782 inscriptus
1484 1754 1531 1776 est.

346 1795 373 1826 ΕΞ)
392 1795 418 1819 Ρ.
437 1794 482 1818 69:
504 1794 551 1826 „de
572 1795 640 1818 Heer
656 1793 716 1817 Geel
739 1793 838 1824 poogde
933 1793 965 1816 de
984 1793 1133 1824 strekking,
1152 1793 1201 1816 den
1221 1792 1320 1816 inhoud
1333 1799 1365 1815 011
1385 1792 1417 1815 de
1436 1792 1530 1822 volg-

313 1834 399 1857 orde
427 1841 475 1857 ran
506 1833 537 1856 de
566 1833 774 1863 onderwerpen
799 1832 857 1856 dier
883 1832 1017 1855 Palinodia
1045 1832 1126 1855 nader
1150 1834 1175 1855 te
1194 1831 1313 1862 bcpalen.
1339 1831 1427 1854 daar
1456 1831 1530 1854 velen

314 1873 347 1904 bij
375 1873 406 1896 de
433 1872 526 1896 Ouden
554 1873 597 1895 dat
626 1872 766 1896 Dichtstuk
787 1871 888 1895 hebben
917 1871 1169 1902 aangehaald,
1196 1871 1262 1894 doch
1283 1870 1380 1894 slechts
1402 1869 1529 1900 weinigen

315 1913 359 1935 het
374 1912 505 1943 schijnen
531 1914 555 1935 te
575 1912 677 1935 hebben
697 1910 817 1942 gekend''
836 1910 983 1942 (voeabula,
1002 1918 1069 1941 qnae
1089 1910 1203 1934 maxime
1221 1910 1368 1940 offendunt,
1387 1910 1531 1939 insigniore

313 1952 452 1975 literarum
472 1952 554 1974 forma
574 1951 727 1975 excudenda
747 1951 859 1980 curavi).

349 1991 376 2021 3)
395 1991 423 2015 Α.
444 1990 509 2014 1839
528 1998 552 2020 p.
570 1990 660 2014 1-15.

348 2031 377 2054 D.
396 2030 427 2053 27
447 2038 481 2054 m.
500 2030 577 2054 Mart.
595 2038 618 2054 a.
638 2029 704 2053 1838
723 2030 847 2054 Welcker
866 2029 955 2053 Geelio
975 2028 1233 2060 scripserat:„nicht
1244 2036 1307 2059 gern
1320 2028 1424 2051 mochte
1435 2027 1475 2051 ich
1487 2027 1532 2051 das

315 2073 384 2093 erste
411 2069 491 2093 Stiick
512 2070 585 2093 eines
604 2077 691 2093 neuen
713 2069 814 2093 Bandes
834 2077 882 2092 von
901 2068 989 2099 Slapel
1009 2069 1096 2092 laufen
1117 2068 1211 2096 lassen,
1229 2068 1297 2091 ohne
1318 2067 1363 2090 das
1382 2067 1466 2091 Geleit
1486 2067 1533 2091 der

315 2109 448 2137 Chariten,
474 2108 516 2132 die
543 2109 592 2132 alle
617 2109 674 2133 ihre
696 2109 819 2132 Arbeiten
840 2108 1036 2132 nmschwehen.
1055 2107 1111 2132 Und
1132 2108 1191 2131 dass
1211 2107 1378 2130 Stesichorus
1398 2106 1467 2129 mich
1487 2106 1532 2129 110-

316 2148 424 2172 sonders
444 2148 602 2177 interessirt,
622 2148 715 2171 wisscn
736 2147 778 2171 Sie
797 2147 890 2171 aucls'.
909 2147 1039 2178 (Epistula
1058 2149 1210 2170 asservatur
1230 2147 1256 2170 in
1277 2146 1416 2170 Tabulario
1437 2145 1532 2169 Biblio-

316 2188 407 2210 thecae
427 2187 581 2217 Leinensis).

353 2226 379 2256 4)
399 2225 434 2249 l.l.
454 2234 476 2256 p.
495 2226 534 2250 15.

349 2265 375 2294 5)
395 2265 484 2288 Altera
511 2266 623 2295 epistula
652 2265 795 2289 laetissima
823 2266 871 2289 hac
898 2266 929 2289 de
955 2266 1087 2289 Bonnensi
1106 2265 1320 2293 commoratione,
1338 2264 1368 2287 ad
1390 2264 1531 2288 Hamakeri

319 2304 403 2327 silium
422 2307 446 2327 et
465 2304 592 2328 Cohetum
613 2305 682 2332 data,
702 2305 805 2335 legatur
825 2313 848 2336 p.
868 2305 900 2329 56
919 2313 957 2336 sq.
977 2305 1140 2329 Hamakerae
1161 2304 1230 2335 Disp.
1250 2304 1299 2328 Lit.

350 2342 377 2374 G)
396 2343 430 2366 l.l.
451 2352 473 2374 1¹·
492 2344 515 2367 ⁴2.
