1673 2768
706 297 746 327 87

208 390 292 419 212a
382 387 495 427 ἥμερον,
520 399 582 420 non
609 387 719 427 ἵμερονς

208 447 291 476 2123
381 449 416 476 ut
440 446 540 477 codex
565 445 594 476 U
619 446 712 476 etiam
738 444 769 475 M
793 446 874 480 θεοῖς,
899 455 962 475 nou
988 444 1064 480 θεούς
1090 446 1190 477 habet.

163 501 223 533 His
258 502 478 542 discrepantiis
513 511 553 532 ex
581 503 722 532 oratione
746 500 832 541 XII„
857 502 950 532 cuius
974 504 1159 542 apparatum
1185 503 1331 533 criticum

98 558 194 590 ·Geel
225 559 359 597 curavit,
384 559 576 589 enumeratis
601 560 730 599 apparet
754 558 822 589 sine
846 557 943 588 dubio
967 558 1080 588 editori
1106 559 1236 589 minime
1261 569 1331 599 pro-

118 615 225 654 fuisse,
262 615 346 655 quod
382 614 499 645 librum
535 615 573 645 ad
609 615 767 646 edendum
804 615 1018 645 necessarium
1044 615 1110 645 viro
1135 615 1223 645 tardo
1247 625 1331 646 com-

119 671 311 702 modaverat.

153 727 274 768 ‚Neque
310 738 390 768 opus
425 730 471 759 est
506 728 722 759 demonstrare
757 729 789 758 in
826 728 958 768 reliquis
984 726 1189 767 orationibus,
1214 727 1331 768 quibus

119 784 194 816 Geel
230 789 414 825 apparatum
452 785 596 815 criticum
632 794 694 815 non
727 785 859 825 paravit,
883 793 976 825 saepe
1000 793 1057 814 nos
1081 784 1228 824 ignorare
1251 787 1332 823 „wat

118 841 155 871 de
179 841 252 872 heer
277 840 352 871 Geel
377 841 474 872 denkt
497 842 559 879 (en)
585 844 646 871 wat
669 842 748 881 ziJne
773 840 903 872 Codices
928 840 1119 881 opleveren'’
1135 839 1164 878 ¹).

584 1134 765 1165 CAPUT
799 1133 871 1164 III.

229 1238 289 1264 QUA
321 1238 375 1258 VIA
400 1238 437 1258 Ac
461 1238 589 1259 RATIONE
613 1237 689 1258 GEEL
712 1237 812 1258 DIONIS
837 1237 957 1259 TEXTUM
980 1238 1220 1260 INTERPRETATUS

548 1294 591 1315 SIT
615 1294 650 1314 ET
673 1293 898 1315 VINDICAVERIT.

162 1366 180 1405 ξ
207 1367 232 1396 l.
258 1365 355 1396 Cobet
386 1365 547 1406 quondam
580 1365 801 1396 contenderat:
828 1366 962 1405 „passim
988 1375 1090 1406 nugas
1114 1375 1206 1406 agere
1230 1366 1330 1397 Inter-

116 1425 245 1463 pretem,
270 1422 331 1452 nisi
356 1422 647 1462 interpretationem
672 1421 838 1452 emendata
860 1421 951 1452 lectio
965 1422 1151 1462 praecedat’'
1168 1420 1204 1463 2).
1227 1421 1330 1459 Quam

114 1479 147 1509 in
173 1479 362 1509 sententiam
392 1477 524 1517 Woltjer
549 1478 666 1518 optimo
692 1478 761 1508 iure
785 1478 861 1508 haec
885 1478 1124 1509 animadvertit:
1151 1477 1216 1518 „De
1241 1488 1330 1510 over-

116 1535 257 1575 levering
281 1534 368 1565 komt
392 1537 437 1564 tot
460 1543 518 1564 ons
543 1543 582 1564 en
607 1534 657 1564 wil
684 1534 761 1564 door
782 1543 839 1564 ons
860 1537 1007 1564 verstaan
1019 1534 1156 1565 worden.
1171 1534 1332 1566 Wanneer

117 1601 164 1622 we
199 1591 351 1621 daarnaar
381 1594 518 1629 streven,
550 1590 637 1631 blijkt
660 1591 713 1621 het
737 1591 789 1621 dat
812 1600 846 1621 er
870 1590 938 1621 hier
962 1600 1000 1622 en
1026 1591 1100 1621 daar
1123 1591 1231 1622 fouten
1256 1592 1327 1631 ziJn,

117 1648 167 1679 die
190 1650 271 1679 eerst
296 1647 460 1678 verbeterd
485 1650 608 1678 moeten
634 1647 771 1687 worden,
796 1657 853 1678 zoo
877 1657 924 1678 we
948 1650 993 1678 tot
1017 1648 1069 1679 het
1090 1648 1172 1679 volle
1185 1651 1329 1680 verstaan

116 1704 221 1735 zullen
246 1702 384 1734 komen'’
401 1701 433 1741 ³).

160 1761 305 1792 Eundem
342 1762 374 1791 in
411 1761 541 1791 modum
574 1760 648 1791 Geel
674 1760 848 1791 iudicabat:
875 1761 958 1801 apud
983 1770 1055 1791 eum
1082 1770 1210 1802 quoque
1235 1762 1331 1792 inter-

116 1818 247 1858 pretatio
293 1817 555 1856 emendationem,
595 1820 629 1847 ut
665 1817 756 1847 facile
790 1817 995 1857 intellegitur,
1031 1817 1245 1858 praecedebat.
1280 1818 1331 1848 Ad

115 1875 407 1915 interpretationem
456 1883 570 1914 magna
612 1883 684 1914 pars
732 1874 835 1914 operis
882 1874 950 1904 eius
1001 1875 1144 1914 pertinet.
1193 1873 1331 1905 Demon-

117 1934 215 1962 strare
258 1931 312 1961 vix
356 1940 435 1971 opus
478 1934 524 1961 est
561 1939 634 1961 eum
671 1930 847 1971 explicasse
883 1930 969 1971 quod
1006 1930 1133 1962 difficile
1168 1931 1330 1962 intellectu

116 1990 249 2028 putaret,
284 1988 478 2017 intricatiora
513 1987 668 2017 evolvisse
702 1990 757 2017 aut
792 1986 920 2027 Belgice
952 1988 1092 2027 vertisse,
1125 1988 1270 2018 instituta
1302 1991 1332 2019 et

115 2043 195 2074 facta
226 2043 408 2074 obscuriora
439 2043 509 2073 aliis
541 2043 618 2074 locis
650 2053 690 2074 ex
714 2043 813 2074 literis
836 2044 978 2083 antiquis
1002 2044 1105 2074 allatis
1129 2044 1330 2076 dilucidasse.

116 2099 149 2131 Si
173 2100 256 2130 enim
283 2099 383 2131 Geelii
408 2099 525 2130 librum
550 2100 710 2140 inspicias,
734 2100 879 2140 exempla
904 2100 1025 2141 ubique
1050 2101 1175 2132 adsunt.

149 2240 177 2270 1)
195 2240 231 2264 Cf.
251 2240 336 2267 diarii.
353 2240 422 2271 quod
440 2240 595 2264 inscribitur
615 2241 668 2270 „De
687 2240 774 2271 Gids''‚
793 2241 827 2264 Η.
846 2248 869 2271 p.
888 2240 944 2265 564.

149 2280 176 2309 2)
197 2280 271 2311 „van
290 2280 376 2304 Lect.''
388 2280 396 2291 ²
415 2288 438 2310 p.
457 2280 500 2304 XI.

150 2319 176 2350 3)
197 2319 402 2351 „Overlevering
420 2327 452 2343 en
475 2320 594 2343 liritiek·
614 2327 637 2351 p.
655 2319 695 2343 35,
