1673 2768
868 292 923 312 XVI

285 373 516 417 philologorum
553 375 741 405 nostratium
778 382 953 413 eorumque
986 373 1118 413 gloriam
1154 376 1184 403 et
1208 373 1368 411 honorem,
1392 373 1500 412 itaque

286 443 359 464 eum
384 432 464 463 bene
489 433 635 463 meritum
661 440 730 462 esse
754 440 826 461 cum
852 430 890 461 de
914 430 1012 460 literis
1037 432 1104 459 tum
1130 429 1168 460 de
1193 430 1300 470 patria.

330 488 437 519 Habes
461 488 639 526 consilium,
664 488 695 517 in
722 496 785 527 quo
810 485 1015 526 exsequendo
1039 486 1224 526 consumpsi
1248 495 1303 526 per
1326 485 1385 516 hoc
1405 486 1500 515 trien-

286 546 375 576 nium
403 544 560 585 quidquid
585 544 640 575 otii
664 543 797 574 docendi
822 552 940 573 munus
966 542 1042 572 mihi
1066 543 1217 582 permisit.

330 643 403 674 Duo
438 643 596 683 imprimis
630 644 706 672 sunt
742 640 841 671 Geelii
874 649 976 680 opera,
1000 640 1154 671 editiones
1179 640 1248 671 dico
1273 650 1352 681 quas
1377 641 1500 671 curavit

286 699 398 730 Dionis
442 699 598 739 Olympici
642 701 671 728 et
714 697 877 737 Euripidis
920 696 1179 737 Phoenissarum,
1222 706 1263 728 ex
1300 697 1417 737 quibus
1452 697 1500 727 vel

287 757 426 787 maxime
450 758 579 796 apparet
591 754 899 795 praestantissimum
915 762 987 784 eum
1001 753 1100 784 fuisse
1113 753 1308 794 philologum
1322 753 1500 784 classicum.

332 811 475 848 Quorum
512 811 649 851 utrique,
684 812 719 840 ut
756 819 811 850 par
846 812 903 849 est,
939 809 1083 850 singulas
1119 809 1216 840 libelli
1241 809 1402 840 Sectiones
1427 819 1500 841 cum

288 868 522 906 destinaverim,
556 877 651 897 unam
677 869 783 896 tamen
808 865 986 896 Sectionem
1011 866 1210 906 praemittam
1235 866 1273 896 de
1297 867 1408 897 ceteris
1433 867 1502 897 eius

288 924 490 963 editionibus,
526 923 650 962 studiis,
685 921 1018 962 commentationibus,
1055 931 1137 962 quae
1172 923 1204 952 in
1236 922 1337 953 literis
1361 922 1502 953 classicis

288 986 467 1019 versantur,
503 989 561 1011 nec
585 989 647 1010 non
673 980 712 1010 iis
736 979 1013 1017 commentariolis,
1037 978 1155 1019 quibus
1180 978 1218 1009 de
1241 978 1354 1009 alienis
1378 979 1503 1019 scriptis

290 1037 489 1078 philologieis
514 1036 589 1067 Geel
613 1036 767 1066 iudicium
793 1035 873 1066 fecit.

334 1093 457 1133 Scripta
493 1094 576 1123 enim
611 1093 743 1132 minora,
769 1101 850 1132 quae
874 1095 996 1132 praeter
1018 1092 1071 1122 illa
1096 1092 1159 1122 duo
1184 1101 1277 1132 opera
1301 1092 1502 1132 praestantis-

289 1151 369 1180 sima
405 1149 548 1183 confecit,
584 1149 715 1179 minime
750 1152 826 1179 sunt
860 1148 1070 1189 neglegenda:
1108 1159 1192 1188 nam,
1225 1149 1307 1179 sicut
1338 1158 1431 1179 nemo
1455 1149 1504 1179 vir

290 1207 439 1243 nascitur,
463 1207 519 1245 sic,
541 1205 658 1246 quibus
684 1205 721 1235 ab
746 1206 846 1236 initiis
870 1205 1030 1245 profectus
1054 1208 1085 1235 et
1111 1215 1205 1245 quam
1231 1206 1314 1235 viam
1339 1206 1504 1245 ingressus

288 1263 414 1293 tandem
452 1262 490 1292 ad
526 1262 645 1302 ingenii
677 1262 727 1292 sui
760 1263 971 1292 maturitatem
998 1262 1047 1292 vir
1070 1262 1182 1293 doctus
1207 1262 1394 1302 pervenerit,
1419 1262 1504 1292 haud

289 1318 327 1349 ab
352 1328 385 1349 re
408 1318 503 1349 fuerit
527 1319 743 1359 investigasse.

334 1375 477 1413 Accedit,
502 1375 586 1415 quod
613 1374 712 1405 Geelii
737 1384 831 1415 opera
856 1384 918 1405 non
944 1376 1034 1415 parvi
1059 1378 1134 1406 sunt
1160 1376 1311 1406 momenti
1337 1375 1374 1406 ad
1390 1385 1503 1415 cogno-

290 1431 438 1461 scendam
476 1431 655 1461 studiorum
688 1431 892 1461 classicorum
929 1431 1066 1471 proximi
1102 1431 1220 1461 saeculi
1254 1432 1372 1461 tamin
1398 1434 1505 1461 nostra

291 1488 391 1528 patria
415 1497 510 1527 quam
537 1488 569 1517 in
597 1487 767 1518 Germania
792 1487 953 1518 historiam
973 1486 1002 1524 1).

325 1671 351 1701 1)
371 1671 423 1694 Hae
451 1673 552 1696 aestate
578 1673 705 1703 opusculo
731 1680 790 1696 meo
817 1673 868 1696 iam
895 1673 926 1696 ad
946 1672 1025 1697 finem
1045 1673 1171 1704 perducto
1190 1674 1306 1704 comperi
1324 1674 1350 1698 in
1368 1673 1507 1698 Tabulario

294 1710 470 1734 Bibliothecae
506 1711 640 1735 Leidensis
673 1712 801 1736 asservari
833 1715 966 1737 trecentas
998 1713 1053 1737 sere
1083 1714 1210 1745 epistulas
1237 1721 1250 1737 a
1278 1714 1341 1738 viris
1367 1714 1450 1738 doctis
1475 1713 1506 1737 ad

292 1750 411 1773 Geelium
440 1750 522 1782 datas,
549 1758 614 1782 quas
643 1751 686 1775 hic
714 1752 848 1775 interdum
877 1755 951 1782 parte
978 1760 1080 1782 eorum,
1102 1760 1170 1783 quae
1195 1753 1354 1784 respondere
1372 1753 1399 1777 in
1417 1753 1506 1777 animo

292 1788 412 1818 habebat,
434 1790 680 1818 „conscribillavit'’.

325 1829 396 1851 Inter
415 1829 528 1859 amplius
546 1832 654 1854 centum
675 1830 745 1854 viros
762 1830 936 1858 doctissimos,
955 1831 1001 1861 qui
1019 1839 1079 1855 cum
1099 1831 1188 1856 Geelio
1207 1839 1254 1863 per
1271 1832 1361 1856 literas
1377 1839 1506 1856 commer-

293 1867 362 1890 cium
391 1868 550 1898 habuerunt,
577 1872 655 1893 sunt:
676 1870 788 1899 Ahrens,
807 1870 900 1901 Bergk,
921 1870 1044 1902 Bernays,
1063 1871 1091 1895 V.
1110 1871 1216 1901 Cousin,
1234 1871 1355 1903 Creuzer,
1373 1871 1400 1896 L.
1419 1874 1445 1895 et
1464 1871 1505 1896 W.

293 1906 428 1932 Dindorfii.
447 1907 550 1938 Emper,
570 1909 732 1939 Fleckeisen,
751 1910 826 1939 Hase‚
845 1910 929 1938 Halm,
949 1910 1045 1941 Haupt,
1064 1910 1092 1935 G.
1111 1914 1135 1934 et
1151 1911 1177 1936 C.
1189 1911 1216 1935 F.
1229 1911 1507 1940 Hermanni,O.Jahn.

293 1945 319 1969 L.
348 1946 453 1977 Kayser,
480 1948 640 1975 Lachmann,
668 1949 779 1979 Madvig,
798 1949 928 1976 Meineke.
944 1950 990 1973 Th.
1009 1952 1034 1973 et
1051 1950 1078 1974 T.
1096 1950 1251 1980 Mommsen,
1270 1951 1374 1977 Munro.
1393 1951 1506 1980 Naecke,

295 1985 421 2015 Niebuhr,
439 1986 520 2017 Pertz,
532 1987 643 2019 Ritschl,
652 1988 847 2018 Schneidewin,
856 1989 1036 2019 Tischendorf,
1046 1989 1270 2021 Trendelenburg,
1282 1991 1362 2021 Walz,
1374 1991 1506 2016 Welcker.

328 2025 488 2056 Plerumque
515 2026 546 2050 de
569 2027 644 2051 libris
669 2027 866 2059 manuscriptis,
885 2036 1087 2059 nonnumquam
1106 2029 1186 2053 etiam
1205 2030 1236 2053 de
1255 2030 1350 2054 studiis
1370 2030 1506 2062 philologi-

294 2064 331 2087 cis
349 2067 470 2094 egerunt.

328 2104 358 2127 Et
385 2104 416 2127 de
445 2113 472 2129 re
500 2106 654 2138 philologica
681 2109 706 2131 et
733 2107 765 2131 de
793 2107 939 2139 philologis,
964 2108 1086 2139 quitum
1106 2109 1237 2139 vivebant,
1255 2109 1459 2134 familiarissime
1477 2117 1505 2134 ac

295 2143 429 2167 liberrime
457 2146 620 2175 scripserunt
639 2146 799 2175 Lachmann.
818 2147 931 2176 Naecke,
950 2148 1077 2179 Niebuhr,
1096 2149 1206 2179 Ritschl,
1224 2148 1418 2179 Schneidewin,
1437 2150 1508 2174 We}-

296 2182 368 2211 cker,
385 2184 431 2213 qui
450 2185 592 2208 artioribus
610 2186 741 2210 amicitiae
762 2187 874 2210 vinculis
892 2195 952 2211 cum
972 2187 1060 2211 Geelio
1078 2189 1213 2212 coniuncti
1232 2192 1315 2213 erant.

331 2221 462 2251 Epistulas
481 2224 730 2249 benevolentissimo
749 2226 877 2250 Praefecti
898 2227 1075 2251 Bibliothecae
1085 2228 1219 2251 Leidensis
1229 2236 1337 2253 assensu
1349 2237 1508 2260 percurrens

297 2268 341 2283 eas
370 2264 457 2291 partes
483 2263 618 2294 descripsi„
644 2272 710 2295 quas
736 2266 762 2289 in
789 2273 845 2290 rem
873 2274 958 2290 meam
985 2266 1098 2291 alicuius
1124 2268 1251 2291 momenti
1278 2275 1334 2292 esse
1353 2269 1507 2294 arbitrabar.

297 2299 366 2327 Quas
385 2304 471 2330 partes
489 2306 618 2332 quantum
639 2305 711 2334 potui
731 2305 757 2328 in
778 2306 875 2329 notulis
893 2306 1010 2330 adhibui.
