1673 2768
889 276 928 306 90

303 370 410 400 Oratio
441 369 590 400 LXXVI.
626 370 653 400 ei
689 379 751 399 non
789 369 880 399 valde
913 369 1046 408 placuit3
1081 369 1207 409 scripsit
1238 371 1338 400 enim:
1368 370 1515 411 „quidvis

303 436 358 466 pro
384 427 498 466 quovis
521 426 650 466 ponitur
673 426 706 455 in
732 425 914 455 huiusmodi
938 423 1055 455 chriis”
1073 422 1104 463 1).

346 481 454 513 Restat
491 482 633 523 quaestio
670 482 707 512 de
731 480 843 511 Dionis
866 490 982 521 genere
1006 480 1174 521 scribendi,
1199 491 1261 522 qua
1286 482 1324 513 de
1348 492 1381 513 re
1405 482 1515 521 Sonny

303 539 379 569 haec
420 539 597 570 rectissime
639 538 804 568 admonuit
819 536 858 575 2);
898 538 972 577 „qui
1008 539 1231 578 conscripserit
1266 541 1366 568 totum
1403 538 1516 569 Dionis

301 605 403 635 genus
428 595 562 634 dicendi,
587 595 701 625 melius
725 604 797 625 eum
824 594 861 624 de
885 593 987 624 Dione
1011 594 1197 624 meriturum
1223 604 1292 626 esse
1305 596 1405 635 cred0‚
1420 605 1515 635 quam

303 653 329 682 si
353 653 607 692 conjecturarum
633 651 792 681 centurias
817 650 993 681 effuderit”.
1021 650 1151 689 „Totum
1177 650 1290 682 Dionis
1313 661 1415 692 genus
1441 652 1517 682 scri-

303 708 419 739 bendi⁷'
446 708 519 739 Geel
546 718 609 738 non
635 708 834 748 conscripsit,
859 707 914 737 sed
939 707 1047 737 multis
1072 707 1149 738 locis
1174 709 1395 739 annotationes
1419 717 1455 739 ea
1480 708 1517 738 de

303 774 336 796 re
360 766 502 795 inseruit.

348 821 372 851 E
397 821 514 862 quibus
538 831 619 862 quae
644 823 818 851 memoratu
844 820 1031 860 dignissima
1055 821 1131 850 mihi
1152 820 1310 859 videntur,
1324 822 1515 862 coniungam

303 888 374 908 cum
401 878 564 908 nonnullis
588 877 658 907 aliis
683 877 769 916 locis,
795 886 875 917 quos
900 876 975 907 Geel
1001 877 1138 916 meliore,
1163 887 1258 917 quam
1284 877 1337 908 alii
1358 878 1518 918 dederant,

304 935 561 975 interpretatione
596 944 613 964 a
646 934 836 964 coniecturis
859 936 981 964 tutatus
1006 936 1054 964 est
1068 931 1101 971 3).
1126 933 1163 963 In
1189 933 1297 964 eadem
1322 934 1517 975 paragrapho

304 991 417 1021 deinde
453 990 625 1021 nonnullos
660 990 745 1021 locos
782 990 946 1030 proferam,
983 999 1064 1030 quos
1095 989 1133 1020 ab
1158 990 1293 1021 aliorum
1326 991 1517 1022 coniecturis

304 1047 477 1078 vindicavit
513 1050 547 1077 ut
582 1056 704 1077 errores
741 1047 789 1077 vel
827 1046 939 1077 menda
963 1045 1086 1086 Dionis,
1110 1056 1174 1077 non
1194 1046 1405 1077 librariorum.
1431 1046 1517 1083 Quos

304 1104 441 1144 denique
465 1105 640 1144 sequentur
664 1103 734 1142 loci,
758 1103 813 1133 ubi
847 1103 999 1134 lectiones
1023 1103 1167 1134 codicum
1193 1106 1223 1134 et
1243 1103 1391 1134 editionis
1405 1103 1518 1134 Morel-

304 1160 405 1191 lianae
435 1170 475 1191 ex
509 1160 578 1191 aliis
602 1160 765 1191 codicibus
790 1160 978 1199 emendavit,
1003 1160 1088 1200 quod
1114 1170 1177 1190 non
1203 1161 1309 1191 minus
1334 1161 1517 1201 interpreta—

305 1218 381 1248 toris
406 1226 475 1248 esse
500 1219 589 1257 puto.

349 1329 409 1368 §2
435 1329 472 1359 A.
508 1328 663 1369 Exempla
698 1328 831 1359 daturus
867 1337 977 1359 eorum
1013 1328 1165 1368 locorum,
1197 1337 1277 1368 quos
1309 1327 1384 1359 Geel
1421 1328 1518 1359 nixus

304 1386 478 1426 praeceptis
522 1386 587 1416 stili
635 1384 785 1423 Dionei4)
822 1388 945 1416 tutatus
981 1385 1030 1424 sit,
1065 1385 1238 1415 nonnullos
1272 1385 1311 1415 iis
1347 1385 1517 1425 adiungam

305 1442 399 1481 locos,
424 1452 503 1483 quos
528 1452 568 1473 ex
594 1443 767 1483 praeceptis
794 1442 961 1472 universae
983 1442 1206 1482 grammaticae
1220 1441 1357 1472 Graecae
1370 1441 1518 1472 defendit.

304 1497 407 1529 Facile
433 1502 479 1529 est
499 1499 537 1529 ad
563 1498 811 1538 intellegendum
837 1498 915 1529 tales
938 1497 1018 1529 fines
1043 1507 1106 1528 non
1131 1507 1256 1538 semper
1280 1499 1339 1528 rite
1363 1498 1517 1539 distingui

304 1565 406 1595 posse,
441 1555 495 1586 sed
530 1555 556 1585 si
592 1554 667 1585 Geel
703 1555 770 1595 ipse
806 1557 912 1585 monet
943 1555 1047 1585 locum
1073 1554 1231 1595 quendam
1257 1557 1383 1595 propter
1407 1553 1518 1586 Dionis

305 1622 399 1642 usum
436 1612 560 1642 dicendi
585 1621 641 1652 pro
666 1612 788 1652 integro
813 1621 882 1642 esse
907 1610 1098 1651 habendum,
1124 1611 1154 1641 id
1180 1611 1433 1642 commemorabo

349 1668 398 1698 Ad
424 1678 450 1708 p.
478 1669 515 1698 50
540 1669 664 1698 monuit
688 1668 718 1698 οὐ
743 1667 827 1705 μόνον
852 1686 892 1690 -
918 1667 1004 1698 ἀλλά
1029 1669 1177 1699 maiorem
1205 1669 1268 1698 vim
1294 1667 1408 1699 habere
1422 1678 1517 1709 quam

305 1725 336 1755 οὐ
360 1724 597 1761 (advovssozmssc
621 1725 680 1760 nal,
706 1735 801 1765 quam
828 1724 866 1755 ob
891 1734 956 1756 rem
982 1734 1044 1755 non
1070 1725 1212 1755 laudavit
1236 1724 1401 1755 Reiskium
1418 1724 1450 1765 ⁵),
1463 1726 1519 1766 qui

339 1829 364 1860 1)
383 1829 420 1853 (ΞΓ.
438 1832 528 1853 annot.
546 1829 576 1853 ad
599 1837 621 1859 p.
640 1828 712 1853 6490.

339 1869 365 1898 ΕΞ)
384 1869 419 1893 1.l.
439 1877 462 1899 p.
481 1868 537 1893 134.
548 1869 583 1892 De
595 1864 721 1893 Schmidii
733 1869 817 1893 bacin
829 1876 857 1893 re
869 1869 1043 1893 tumultuaria
1054 1876 1132 1899 opera
1144 1869 1179 1892 ita
1190 1868 1302 1892 iudicat:
1313 1868 1436 1897 „Schmid
1447 1869 1518 1893 inco-

307 1909 378 1932 havit
397 1908 479 1939 magis
498 1916 553 1932 rem
573 1916 653 1939 quam
672 1908 798 1932 absolvit.
810 1928 815 1932 .
827 1928 848 1932 ..
868 1909 983 1937 Accedit,
993 1909 1061 1939 quod
1073 1915 1141 1939 qnae
1151 1910 1212 1931 ante
1222 1908 1309 1938 ipsum
1320 1907 1353 1932 ab
1362 1908 1420 1932 aliis
1430 1909 1519 1933 obser-

307 1951 364 1971 vata
391 1951 470 1978 :itque
496 1949 604 1972 collecta
631 1950 715 1978 erant,
741 1948 863 1979 inprimis
882 1956 896 1971 a
916 1948 1126 1979 Wyttenbaehio,
1145 1947 1243 1977 Geelio,
1261 1948 1376 1979 Bagueto
1394 1948 1519 1973 adhibere

308 1988 399 2017 noluit⁷
419 1996 470 2011 non
489 1988 545 2011 sine
566 1995 659 2019 magno
678 1988 764 2018 operis
783 1988 823 2012 sui
841 1988 1025 2011 detrimento&

338 2027 365 2057 3)
384 2027 562 2051 Vehementer
580 2027 709 2051 assentior
728 2027 768 2051 his
787 2027 872 2051 verbis
891 2026 981 2051 Sonnii
1001 2027 1046 2055 (l.l.
1066 2034 1090 2057 p.
1109 2026 1180 2056 133):
1201 2027 1333 2057 „integros
1352 2027 1420 2051 locos
1439 2028 1519 2052 certis

264 2089 266 2092 ,
306 2067 470 2098 argumentis
497 2075 510 2091 a
538 2067 646 2091 temeris
673 2067 810 2091 conatibus
838 2067 971 2091 vindicare
990 2066 1059 2090 haud
1079 2066 1202 2090 inutilius
1221 2067 1287 2090 duco
1306 2074 1387 2097 quam
1407 2074 1517 2098 corrup-

307 2110 345 2130 tos
363 2107 459 2136 dubiis,
478 2109 506 2130 ut
525 2107 579 2130 fere
599 2107 627 2130 sit
646 2114 691 2137 pro
712 2107 749 2130 rei
769 2109 871 2137 natura,
892 2109 994 2130 tentare
1012 2106 1197 2130 coniecturis‘'.

339 2146 366 2175 4)
385 2146 441 2169 Alia
459 2147 567 2169 all'eram
586 2146 613 2170 in
633 2147 717 2177 eapite
736 2146 777 2170 IV.
796 2146 876 2170 liuius
895 2146 1032 2175 Sectionis,
1049 2145 1094 2169 nbi
1113 2152 1188 2176 agam
1207 2145 1238 2169 de
1258 2144 1340 2169 Geelii
1358 2146 1518 2170 coniecturis

307 2188 333 2208 et
355 2185 592 2209 emendationibus.

340 2224 366 2255 5)
386 2225 533 2249 Editionem
557 2225 647 2249 Dionis
665 2233 686 2249 a.
706 2224 770 2249 1784
788 2226 890 2249 curavit
908 2232 976 2256 quae
994 2224 1095 2249 Reiskii
1115 2225 1199 2248 suerat
1219 2232 1291 2248 uxor.
1310 2225 1381 2254 Geel,
1401 2225 1518 2248 Bakhui-

308 2272 363 2294 zen,
390 2265 494 2295 Emper,
514 2265 548 2288 De
569 2265 671 2295 Arnim,
689 2264 776 2296 Sonny
795 2265 916 2289 certatim
936 2265 1156 2295 vituperaverunt
1175 2264 1275 2288 Reiskii
1293 2272 1399 2295 operam
1418 2264 1518 2288 tumul-

309 2304 421 2328 tuariam
440 2307 520 2334 atque
537 2305 739 2328 festinationem.
