1673 2768
835 297 872 326 12

244 389 423 419 necessaria
459 388 574 419 habere
610 388 769 428 videntur,
804 388 858 418 sed
895 388 1053 428 quidquid
1090 388 1121 417 in
1159 388 1273 427 quovis
1305 390 1460 418 terrarum

243 445 360 485 angulo
385 444 535 475 scribitur
558 445 874 483 commentationum,
899 445 1152 483 annotationum,
1174 444 1460 481 miscellaneorum,

243 500 415 539 annalium,
450 500 686 539 fasciculorum,
718 503 870 538 actorum,
904 509 1121 539 censurarum,
1154 499 1337 538 diariorum,
1368 499 1461 539 ephe-

245 556 410 595 meridum,
446 557 504 586 hoc
536 557 634 596 igitur
661 556 835 596 compilant
859 559 889 586 et
913 557 1039 596 copiose
1065 556 1212 593 landant;
1240 565 1349 586 verum
1376 556 1459 586 enim

245 622 333 643 meus
366 613 526 643 doctrinae
561 613 710 643 modulus
738 616 768 643 et
793 622 898 643 meum
925 613 1088 652 ingenium
1115 612 1218 642 aliena
1242 615 1319 643 sunt
1344 612 1382 642 ab
1407 612 1461 642 illa

243 670 373 708 ratione,
409 678 490 709 quae
527 668 648 707 (Musae
686 669 804 699 malum
841 671 1063 707 averruncent)
1095 669 1121 699 si
1146 669 1242 699 latius
1267 672 1380 709 serpat,
1404 669 1461 698 ali-

243 726 370 765 quando
396 725 486 755 bonis
512 726 611 756 literis
638 735 677 756 ne
703 726 906 756 vehementer
931 728 1042 756 noceat
1068 725 1244 756 timendum
1271 729 1334 756 est:
1361 726 1459 765 siqui-

242 782 311 812 dem
339 781 356 811 b
371 792 479 812 onas
505 782 591 812 lite
606 792 650 812 ra
665 792 679 812 s
703 782 855 822 appellari
880 783 1038 821 convenit,
1064 791 1146 822 quae
1169 782 1336 822 ingenium
1362 782 1460 821 alunt,

242 839 450 878 animumque
475 839 512 868 ad
540 839 603 869 veri
629 839 822 879 venustique
847 848 988 877 sensum,
1013 848 1204 878 omnemque
1230 839 1458 869 humanitatem

242 894 435 925 informant’⁷
455 893 481 933 ¹).

287 952 324 981 A.
352 951 434 981 1826
468 951 628 981 Fritzsche
662 950 891 989 „Quaestiones
916 950 1114 982 Lucianeas''
1147 951 1296 990 ediderat,
1321 961 1456 991 quarum

242 1017 408 1037 censuram
446 1007 520 1037 Geel
553 1008 585 1036 in
618 1006 697 1037 Bibl.
724 1017 765 1037 cr.
791 1017 862 1038 nov.
887 1008 950 1048 egit
967 1005 998 1045 ²),
1023 1007 1107 1047 quod
1133 1007 1185 1037 ille
1210 1007 1248 1037 de
1273 1010 1338 1037 toto
1362 1006 1460 1038 Hem-

244 1063 517 1093 sterhusianorum
555 1063 750 1094 edendorum
783 1064 929 1094 instituto
961 1064 1106 1104 iniquius
1138 1063 1349 1101 iudicaverat,
1375 1063 1458 1094 obie-

242 1123 326 1150 cerat
350 1120 433 1149 enim
459 1119 703 1150 Hemsterhusio
732 1119 906 1160 „magnos”
927 1124 958 1150 et
980 1120 1141 1160 „insignes
1155 1119 1309 1158 errores'',
1325 1129 1460 1160 „pravas

242 1175 438 1215 opiniones'',
473 1176 688 1215 „saevitiam'',
716 1177 742 1207 si
767 1177 818 1206 hic
844 1176 971 1217 quando
996 1188 1024 1206 τι
1051 1186 1107 1217 pro
1131 1187 1186 1210 τοι,
1211 1171 1266 1206 a'ut
1291 1175 1324 1211 δὴ
1349 1186 1405 1216 pro
1430 1176 1459 1206 δὲ

242 1233 348 1262 minus
377 1236 460 1263 recte
485 1232 702 1272 substituerat,
726 1236 781 1263 aut
806 1233 949 1264 eiusdem
974 1234 1100 1273 generis
1125 1233 1246 1273 aliquid
1274 1232 1458 1273 deliquerat.

286 1288 344 1319 Cui
379 1290 437 1319 hoc
471 1289 562 1319 modo
596 1288 671 1320 Geel
696 1289 898 1330 obloquitur:
927 1291 1061 1330 „ingens
1085 1290 1138 1320 illa
1163 1293 1194 1320 et
1217 1299 1314 1330 prope
1338 1290 1458 1320 incom-

241 1345 390 1385 parabilis
415 1346 556 1376 doctrina
581 1348 688 1386 (quam
715 1347 974 1387 quotusquisque
995 1349 1119 1377 matura
1140 1347 1202 1376 iam
1217 1349 1327 1386 aetate,
1340 1346 1458 1377 nedum

241 1402 377 1441 iuvenis,
413 1402 505 1433 hodie
541 1406 708 1434 assecutus
739 1404 822 1442 estP)
856 1404 917 1434 nisi
942 1406 1028 1434 recta
1053 1403 1172 1443 ubique
1197 1403 1314 1434 iudicia
1337 1404 1459 1444 genuit,

240 1461 270 1488 at
306 1468 342 1489 ea
378 1459 534 1499 praesidia
569 1460 732 1490 iudicandi
769 1461 901 1491 caeteris
934 1460 1096 1500 indicavit,
1120 1458 1202 1501 quae
1228 1461 1284 1500 qui
1308 1460 1460 1500 fastidiat,

241 1515 347 1545 videat
370 1515 438 1555 ipse
463 1525 526 1556 quo
551 1517 592 1546 sit
615 1517 745 1547 nomine
769 1516 1009 1557 appellandus’'.

285 1571 373 1602 Haeo
408 1573 449 1602 ita
485 1573 610 1612 copiose
646 1572 858 1603 exscribenda
895 1573 971 1603 mihi
1007 1573 1075 1603 visa
1107 1576 1192 1612 sunt,
1225 1576 1260 1603 ut
1284 1575 1457 1613 appareret,

241 1631 382 1667 quantus
414 1637 450 1658 eo
475 1631 615 1669 tempore
640 1638 680 1659 ex
704 1628 999 1660 Hemsterhusianis
1025 1629 1232 1670 inspiciendis
1258 1633 1288 1660 et
1312 1638 1456 1670 perscru-

241 1684 345 1715 tandis
381 1685 532 1716 crevisset
557 1685 664 1716 Geelio
701 1695 789 1716 amor
824 1686 1014 1727 philologiae
1047 1687 1197 1726 antiquae
1226 1688 1322 1726 atque
1346 1695 1456 1716 eorum

241 1741 483 1781 philologorum,
519 1743 574 1782 qui
610 1742 703 1772 modo
739 1742 792 1773 illo
831 1745 944 1782 vetere,
979 1742 1033 1773 sed
1067 1743 1207 1783 probato,
1239 1742 1331 1773 bonis
1355 1742 1455 1773 literis

241 1807 366 1837 operam
405 1798 564 1837 dederant,
600 1808 769 1839 quousque
804 1804 1028 1838 contemneret,
1066 1800 1207 1839 exceptis
1239 1799 1368 1838 scilicet,
1401 1800 1455 1839 qui

240 1855 343 1894 excipi
380 1854 544 1894 debebant,
581 1855 812 1886 Germanorum
849 1856 936 1886 illam
969 1865 1084 1887 novam
1111 1856 1281 1896 scriptores
1307 1856 1455 1886 classicos

241 1911 394 1941 tractandi
415 1912 568 1942 rationem
586 1910 618 1949 ³).

273 2069 299 2099 ’1)
319 2070 344 2092 P.
366 2070 442 2101 XXV,
461 2078 499 2100 sq.

272 2108 298 2137 2)
319 2109 372 2133 Vol.
391 2110 434 2139 111,
454 2118 476 2140 p.
496 2109 635 2134 [ΛΞ-416.
654 2110 691 2135 Cf.
711 2119 733 2134 c.
751 2111 784 2134 lV
803 2110 815 2141 g
835 2110 847 2134 1
869 2111 949 2134 huius
967 2110 1104 2135 Sectiouis.

271 2148 297 2179 3)
320 2149 372 2172 Hac
400 2149 425 2172 in
454 2157 481 2173 re
508 2150 633 2174 memoria
653 2150 731 2181 digna
752 2151 856 2174 videtur
876 2157 932 2174 esse
952 2158 1012 2181 pars
1029 2150 1168 2181 epistulae,
1187 2158 1200 2174 a
1221 2151 1309 2174 Geelio
1328 2151 1352 2174 d.
1370 2151 1398 2174 :21
1420 2159 1454 2175 m.

239 2188 296 2212 luri.
313 2195 336 2211 a.
357 2188 419 2211 1820
436 2190 467 2212 ad
488 2189 657 2213 Karstenium
675 2190 751 2213 datae
772 2193 935 2219 (asservatur
953 2190 979 2214 in
1000 2190 1161 2213 Bibliotheca
1180 2190 1326 2221 Leidensi):
1340 2191 1455 2221 „sisorte

239 2227 301 2257 quid
328 2223 445 2251 severius
463 2236 477 2251 a
497 2236 538 2252 ine
557 2232 648 2252 contra
666 2230 812 2253 Germanos
830 2230 931 2253 dictum
949 2232 998 2258 esi,
1018 2229 1061 2252 isti
1081 2229 1200 2253 homines
1218 2230 1358 2260 aliquoties
1376 2230 1451 2253 casti-

239 2267 317 2297 gandi
343 2270 414 2294 suut,
442 2268 539 2298 quippe
567 2269 613 2298 qui
638 2269 773 2293 doctrinae
793 2269 874 2299 copiis
892 2269 1075 2299 abu(tu)nt1u2
1094 2276 1141 2292 nec
1160 2269 1242 2292 Musis
1261 2269 1343 2292 libare
1362 2269 1456 2298 solent,

239 2309 265 2330 et
285 2309 401 2330 veterem
423 2307 579 2331 Batavorum
598 2309 821 2332 existimationem
840 2309 963 2332 interisse
982 2308 1172 2332 arbitrantur&
